2438 3892
124 147 166 210 28
520 145 686 201 ΚΩΝΙΚΩΝ
705 143 744 199 α’.

123 288 277 380 τριγώνῳ
293 287 382 376 ὀρθή
398 290 498 358 ἐστιν.
531 286 614 355 ὥστε
632 288 688 354 καὶ
707 285 791 374 πρὸς
809 286 871 374 τὴν
889 290 958 354 ΖΗ
976 290 1051 355 ἐστι
1066 288 1155 377 πρὸς

124 393 239 484 ὀρθάς.

191 501 235 588 μὴ
264 507 346 570 ἔστιν
376 500 417 587 δὴ
447 499 465 569 ὁ
494 504 603 580 κῶνος
631 498 747 584 ὀρθός.
792 504 823 567 ελ
849 500 911 586 μέν
935 495 1000 569 οὖν
1025 500 1069 569 τὸ
1096 503 1153 572 διὰ

123 611 184 675 τοῦ
203 604 323 688 ἄξονος
338 614 506 695 τρίγωνον
526 604 635 695 ὀρθόν
655 609 723 675 ἐστι
743 605 826 694 πρὸς
844 605 904 674 τὸν
920 613 987 674 ΒΓ
1005 606 1154 696 κύκλου,

89 729 105 778 5
125 711 250 801 ὁμοίως
265 717 428 798 δειἘομεν,
449 710 499 780 ὅτι
513 712 568 779 καὶ
583 709 604 798 ἡ
619 719 689 778 ΔΒ
700 716 740 799 τῇ
757 718 829 779 ΖΗ
844 714 912 779 ἐστι
927 710 1011 800 πρὸς
1027 711 1153 801 ὀρθάς.

124 818 168 906 μὴ
203 824 286 887 έστω
320 818 362 905 δὴ
389 817 427 886 τὸ
457 816 513 886 διὰ
541 829 603 886 τοῦ
631 817 751 899 ύξονος
779 823 947 905 τρίγωνον
976 818 1013 886 τὸ
1047 829 1158 890 ΑΒΓ

124 925 234 1013 ὀρθὸν
257 923 341 1012 πρὸς
362 924 422 993 τὸν
447 929 513 992 ΒΓ
532 924 663 1006 κύκλον.
711 925 814 1010 λέγοι,
846 923 897 992 ὅτι
921 924 1006 994 ούδὲ
1030 924 1054 1012 ἡ
1082 937 1155 997 ΔΕ

123 1036 163 1119 τῇ
184 1038 256 1098 ΖΗ
275 1034 343 1099 ἐστι
367 1030 451 1119 πρὸς
475 1028 590 1119 ὀρθύς.
628 1035 659 1098 ελ
676 1031 741 1120 γὰρ
762 1031 920 1117 δυνατόν,
944 1037 1046 1099 ἔστω·
1080 1039 1151 1102 ἔστι

125 1136 163 1204 δὲ
185 1137 242 1203 καὶ
264 1141 304 1225 τῇ
328 1143 394 1205 ΒΓ
417 1136 500 1226 πρὸς
524 1134 646 1225 ὀρθύς·
683 1136 704 1224 ἡ
729 1136 794 1226 ἄρα
818 1146 889 1205 ΔΕ
913 1139 1056 1228 ἑκατέρᾳ
1081 1145 1150 1209 τῶν

73 1260 106 1308 10
125 1248 197 1328 ΒΓ,
217 1250 288 1310 ΖΗ
308 1246 376 1312 έστι
400 1244 485 1332 πρὸς
508 1241 624 1332 ὀρθάς.
660 1245 785 1337 καὶτῷ
810 1243 866 1312 διδ
888 1256 957 1314 τῶν
982 1251 1061 1331 ΒΓ,
1083 1254 1155 1314 ΖΗ

124 1350 268 1441 ἐπιπέδῳ
283 1349 348 1439 ύρα
362 1350 447 1440 πρὸς
461 1349 568 1440 ὀρθδις
583 1356 684 1418 ἔσται.
718 1350 755 1419 τὸ
772 1351 810 1418 δὲ
829 1351 886 1419 διδι
903 1355 972 1420 τῶν
987 1357 1065 1438 ΒΓ,
1080 1361 1147 1421 ΗΖ

124 1455 283 1524 ἐπίπεδόν
307 1459 375 1524 ἐστι
398 1460 437 1526 τὸ
457 1463 574 1526 ΑΒΓ·
606 1464 662 1524 κοιλ
682 1454 787 1543 ἡΔΕ
809 1455 873 1545 ύρα
892 1461 937 1547 τῳ
952 1464 1063 1524 ΑΒΓ
1081 1485 1146 1546 τρι-

123 1561 221 1654 νύνῳ
246 1564 315 1630 ἐστὶ
337 1561 421 1652 πρὸς
445 1562 562 1651 ὀρθύς.
606 1567 662 1630 καὶ
684 1562 794 1631 πύντα
817 1561 883 1651 ἄρα
906 1565 946 1629 τὰ
971 1559 1017 1630 δι’
1041 1563 1147 1652 αὐτῆς

124 1670 262 1736 ἐπίπεδα
285 1674 331 1759 τῳ
352 1676 456 1737 ΑΒΓ
474 1669 626 1759 τριγώνῳ
649 1671 717 1737 ἐστὶ
741 1669 824 1757 πρὸς
844 1667 958 1753 ὀρθάς.
997 1672 1037 1736 ἓν
1059 1673 1102 1740 δέ
1116 1696 1147 1738 τι

72 1791 104 1840 15
123 1777 191 1840 τῶν
215 1773 272 1840 διὰ
296 1779 355 1860 τῆς
374 1782 444 1842 ΔΒ
466 1777 632 1843 ἐπιπέδων
651 1776 742 1843 ἐστὶν
762 1774 779 1844 ὁ
800 1782 866 1844 ΒΓ
883 1777 1018 1855 κύκλος·
1045 1774 1065 1846 ὁ
1086 1783 1151 1846 ΒΓ

122 1878 189 1966 ἄρα
211 1879 333 1959 κύκλος
354 1878 437 1969 πρὸς
458 1879 565 1966 ὀρθούς
584 1884 653 1949 ἐστι
671 1885 717 1970 τῷ
737 1887 839 1950 ΑΒΓ
858 1879 1024 1973 τριγώνῳ.
1062 1882 1146 1953 ὥστε

123 1985 179 2053 καὶ
211 1982 248 2053 τὸ
278 1991 381 2053 ΑΒΓ
409 1992 576 2075 τρίγωνον
610 1983 719 2072 ὀρθὸν
753 1993 844 2055 ἔσται
876 1986 960 2074 πρὸς
991 1987 1058 2057 τὸν
1086 1997 1151 2060 ΒΓ

123 2091 261 2160 κύκλον·
291 2089 372 2180 ὅπερ
396 2090 458 2179 ούχ
480 2090 663 2162 ὑπόκειται.
705 2093 767 2161 ούκ
790 2092 855 2182 ἄρα
878 2092 898 2180 ἡ
924 2102 996 2161 ΔΕ
1015 2101 1059 2184 τῇ
1082 2103 1151 2166 ΖΗ

125 2200 194 2265 ἐστι
217 2196 300 2285 πρὸς
324 2195 441 2286 ὀρθύς.

71 2301 106 2350 20
544 2288 726 2378 πόρισμα.

192 2413 228 2478 ἐκ
252 2409 294 2498 δὴ
317 2411 440 2481 τούτου
464 2413 629 2502 φανερόν,
658 2412 709 2482 ὅτι
732 2418 791 2499 τῆς
814 2419 917 2480 ΔΖΒ
944 2417 1052 2501 τομῆς
1078 2417 1147 2486 διολ-

125 2517 244 2607 μετρός
262 2519 352 2586 ἐστιν
372 2516 392 2605 ἡ
409 2526 486 2605 ΖΗ,
507 2522 639 2604 ἐπείπερ
657 2519 714 2600 τδις
728 2518 893 2606 ἀγομένας
907 2521 1148 2609 παραλλήλους

125 2622 243 2713 εύθείῳ
262 2627 328 2692 τινὶ
347 2630 387 2714 τῇ
409 2634 479 2694 ΔΕ
495 2630 572 2713 δίχα
591 2628 713 2713 τέμνει,
736 2626 792 2694 καὶ
811 2623 863 2694 ὅτι
883 2625 1034 2695 δυνατόν
1056 2632 1147 2699 ἐστιν

124 2727 190 2798 ύπδ
215 2734 273 2816 τῆς
300 2733 481 2820 διαμέτρου
505 2736 564 2819 τῆς
587 2741 659 2800 ΖΗ
681 2731 916 2821 παραλλήλους
942 2731 1040 2813 τινδις
1071 2740 1147 2824 δίχα

72 2850 105 2900 25
125 2837 306 2922 τέμνεσθαι
329 2837 385 2904 καὶ
408 2837 452 2924 μὴ
475 2837 560 2926 πρὸς
583 2837 698 2926 ὀρθύς.

611 3015 654 3101 η’.

191 3135 269 3205 ’Βὰν
293 3143 401 3220 κῶνος
422 3142 565 3229 έπιπέδῳ
585 3143 697 3227 τμηθῇ
718 3138 774 3207 διὰ
792 3142 853 3206 τού
872 3134 1005 3224 ύξουος,
1029 3147 1145 3233 τμηθῇ

126 3243 163 3310 δὲ
186 3244 242 3310 καὶ
266 3245 365 3335 ἑτέρῳ
390 3248 533 3339 ἐπιπέδῳ
557 3248 711 3333 τέμνοντι
735 3243 796 3331 τὴν
819 3244 921 3330 βάσιν
944 3248 1006 3312 τού
1029 3251 1147 3319 κώνου

198 3429 221 3476 1.
242 3417 325 3511 ὥστε]
345 3417 450 3508 ύστηλλ.
506 3430 530 3508 3η
549 3422 593 3493 τό]
616 3423 656 3477 bis
670 3422 696 3476 V
714 3425 745 3477 in
764 3423 832 3477 extr.
848 3418 956 3506 etlinit.
971 3437 1056 3493 pag.;
1077 3444 1146 3483 corr.

125 3509 195 3563 cvp.
247 3499 288 3548 16.
300 3495 383 3565 ποτε]
395 3505 448 3548 mov
457 3495 491 3563 V,
507 3511 575 3548 ωστε
587 3511 641 3564 mg.
651 3511 686 3548 m.
697 3511 751 3549 rec.
803 3498 845 3547 20.
856 3492 993 3563 πορισμοι]
1005 3512 1034 3563 p,
1046 3512 1105 3554 om.
1114 3497 1147 3554 V.
