2438 3892
130 141 194 206 328
529 141 695 195 mmm
715 137 753 210 γ’.

617 317 658 388 ς’.

201 448 277 511 Τῶν
305 441 417 511 αὑτῶν
445 440 678 529 ὑποκειμένων
706 441 765 511 έάν
790 445 842 511 έπλ
866 447 945 530 μιάς
967 446 1035 510 τῶν
1057 441 1133 511 ἀντι-

129 552 294 637 κειμένων
312 553 429 638 ληφθῇ
447 574 480 616 τι
500 562 650 636 σημεῖον,
669 549 725 616 καὶ
744 547 801 616 ἀπ’
819 549 926 618 αὐτοῦ
939 549 1135 637 παράλληλοι

129 654 262 743 ἀχθῶσι
280 669 353 735 ταῖς
372 657 616 742 έφαπτομέναις
635 660 884 742 συμπίπτουσαι
902 671 977 737 ταῖς
993 683 1029 725 τε
1045 660 1134 743 έφαπ

93 777 110 826 5
128 763 284 849 τομέναις
306 761 362 829 καὶ
380 774 453 842 ταῖς
472 762 673 848 διαμέτροις,
696 765 734 829 τὸ
753 761 937 848 γινόμενον
955 761 1014 830 ὑπ’
1035 760 1136 830 αὑτῶν

129 868 376 955 τετράπλευρον
403 872 487 954 πρὸς
513 871 554 955 τή
582 871 642 956 μιᾷ
670 871 739 935 τῶν
763 870 1006 955 έφαπτομένων
1029 871 1084 938 καὶ
1103 872 1135 958 τή

129 979 189 1063 μιᾷ
212 978 280 1042 τῶν
305 975 493 1060 διαμέτρων
517 982 593 1042 ίσον
616 978 709 1041 ἔσται
731 978 777 1066 τῷ
801 977 969 1067 γινομένῳ
993 975 1136 1066 τριγῶνῳ

129 1081 213 1167 πρός
226 1106 261 1147 τε
274 1085 315 1169 τῇ
330 1079 414 1169 αὐτή
425 1083 637 1169 ἐφαπτομένῃ
648 1081 704 1148 καὶ
713 1084 753 1169 τή
765 1067 860 1172 ἑτέρῳ
869 1085 940 1150 τῶν
951 1083 1137 1170 διαμέτρων.

197 1191 347 1255 ἔστωσαν
362 1184 598 1274 ἀντικείμενοι,
614 1180 662 1255 ῶν
678 1186 850 1275 διάμετροι
865 1191 903 1254 αί
910 1195 1137 1276 ΑΕΓ,ΒΕΔ,

78 1310 110 1358 10
128 1293 184 1360 καί
210 1297 270 1378 τῆς
292 1302 358 1361 AB
386 1297 489 1379 τομῆς
518 1296 784 1380 ἐφαπτέσθωσαν
808 1297 845 1361 αλ
866 1302 949 1381 ΑΖ,
972 1303 1047 1363 ΒΗ
1065 1315 1138 1381 συμ

128 1404 308 1467 πίπτουσαι
332 1397 490 1486 ἀλλήλαις
507 1398 591 1467 κατά
608 1404 646 1468 τὸ
665 1408 705 1486 Θ,
728 1400 881 1488 εἰλήφθω
901 1404 991 1470 δέτι
1011 1415 1138 1489 σημεῖον

128 1506 182 1573 έπὶ
204 1510 264 1593 τῆς
285 1511 389 1594 τομῆς
411 1510 448 1574 τὸ
468 1513 511 1592 Κ,
534 1508 590 1574 καί
614 1504 670 1573 ἀπ’
688 1506 793 1574 αὑτοῦ
811 1522 883 1586 ταῖς
901 1512 1139 1602 έφαπτομένῳις

127 1611 335 1699 παράλληλοι
359 1614 523 1700 ἤχθωσαν
545 1616 583 1679 οιί
604 1620 733 1698 ΚΜΛ,
752 1616 866 1689 ΚΝΞ.
912 1616 1012 1701 λέγω,
1036 1613 1085 1683 ὅτι
1105 1618 1137 1681 τὸ

129 1725 196 1785 KZ
220 1721 465 1806 τετράπλευρον
488 1723 534 1811 τῶ
559 1726 619 1787 AI
621 1725 659 1786 N
677 1719 830 1811 τριγώνῳ
855 1720 946 1789 ἐστὶν
970 1729 1057 1790 ἴσον.

76 1843 108 1890 15
195 1826 265 1892 έπεὶ
294 1817 356 1892 οὑν
385 1824 609 1911 ἀντικείμεναι
637 1828 675 1891 αί
699 1833 780 1912 ΑΒ,
803 1831 880 1912 ΓΔ,
908 1827 964 1894 καί
993 1832 1053 1914 τής
1078 1834 1136 1895 ΑΒ

128 1931 306 2015 έφάπτετοιι
329 1930 349 2016 ή
374 1940 439 1999 ΑΖ
463 1937 698 2017 συμπίπτοντα
720 1935 761 2020 τή
784 1939 868 2018 ΒΛ,
890 1933 947 2000 καὶ
969 1935 1061 2021 παρὰ
1083 1934 1137 2019 τήν

126 2043 192 2138 AZ
225 2029 322 2120 ήκται
351 2034 371 2122 ή
396 2045 479 2123 ΚΛ,
513 2045 589 2105 ίσον
617 2039 686 2106 έστλ
714 2043 751 2106 τὸ
778 2045 880 2106 ΑΙΝ
902 2045 1073 2125 τρίγωνον
1098 2043 1137 2132 τῶ

127 2148 161 2208 Κ
166 2144 200 2207 Ζ1
216 2145 456 2232 τετραπλεύρῳ.

73 2410 107 2458 20
199 2395 273 2461 Τῶν
307 2390 420 2460 αὑτῶν
453 2390 683 2479 ὑποκειμένων
717 2392 776 2460 έάν
809 2393 862 2479 ἐφ’
894 2395 1050 2480 ἑκατέρας
1077 2407 1135 2463 τῶν

127 2511 240 2585 τομῶν
265 2499 384 2586 σημεῖἀ
403 2526 480 2567 τινα
498 2503 625 2587 ληφθῇ,
650 2498 705 2565 καὶ
725 2496 782 2565 ἀπ’
804 2496 916 2566 αὑτῶν
935 2502 1134 2587 παράλληλοι

127 2603 259 2693 ἀχθῶσι
279 2621 350 2686 ταῖς
370 2608 614 2693 έφαπτομέναις
634 2611 880 2690 συμπίπτουσαι
898 2620 971 2686 ταῖς
989 2634 1025 2674 τε
1044 2611 1134 2693 έφαπ-

126 2717 280 2797 τομέναις
308 2715 362 2781 καὶ
390 2728 462 2794 ταῖς
491 2714 694 2800 διαμέτροις,
722 2711 762 2779 τὰ
790 2713 953 2799 γινόμενα
980 2719 1047 2782 υπὸ
1075 2718 1133 2782 τῶν

125 2814 294 2900 ἀχθεισῶν
308 2820 545 2907 τετράπλευρα,
560 2818 724 2905 βεβηκότα
739 2819 776 2885 δέ
791 2820 844 2887 έπὶ
858 2830 925 2887 τῶν
942 2823 1133 2906 διαμέτρων,

72 2936 105 2983 25
126 2928 182 2985 ίσα
207 2927 297 2987 ἔσται
322 2925 488 3010 ἀλλήλοις.

192 3023 385 3094 ὑποκείσθω
414 3029 477 3114 γάρ
501 3032 542 3098 τά
565 3033 804 3117 προειρημένα,
832 3033 886 3097 καί
907 3033 1061 3118 εἰλήφθω
1086 3030 1132 3118 ἐφ’

124 3132 279 3218 ἑκατέρας
302 3143 370 3200 τῶν
393 3141 505 3221 τομῶν
530 3139 712 3222 σημεῖατὰ
736 3145 784 3224 Κ,
809 3145 854 3222 Λ,
877 3138 933 3204 καὶ
957 3137 1003 3205 δι’
1030 3138 1135 3208 αὑτῶν

195 3354 219 3402 2.
239 3342 449 3417 ὑποκειμένων]
466 3351 553 3416 repet.
569 3368 625 3420 mg⁴
639 3368 676 3404 m.
691 3366 745 3403 rec,
763 3351 794 3404 V.
846 3355 871 3405 8.
886 3351 932 3421 τή]
949 3353 1021 3420 (alt.)
1036 3369 1089 3408 om.
1101 3354 1136 3414 λς

123 3435 193 3474 corr.
213 3438 239 3488 p.
315 3422 356 3471 13.
376 3419 479 3488 KMA]
499 3423 596 3473 ΚΛΜ
611 3423 647 3487 V3
668 3438 737 3476 corr.
753 3441 779 3492 p.
853 3428 895 3475 22.
916 3424 1134 3493 συμπίπτουσαι]

122 3508 198 3559 pov3
218 3508 298 3545 euan.
318 3488 351 3556 V,
370 3504 427 3558 rep.
447 3506 504 3557 mg.
524 3506 559 3544 m.
579 3507 632 3544 rec.
