2438 3892
123 151 189 217 268
251 186 256 197 ι
522 150 690 203 ΚΩΝῙΚΩΝ
709 147 746 221 δ’·

122 293 222 380 βολῆ,
246 290 299 380 ἐφ’
321 284 364 380 ἤς
384 292 425 359 τὰ
449 300 492 376 Ζ,
512 299 552 377 Ε,
571 299 614 375 Α,
636 290 693 358 καὶ
715 287 812 378 ἤχθω
836 286 942 377 αὐτῆς
967 288 1126 377 διάμετρος

123 398 144 486 ἤ
175 407 256 485 ΑΒ,
283 399 339 466 καὶ
368 395 418 465 ἐπ’
444 395 550 484 αὐτῆν
577 395 721 475 κάθετος
748 394 845 484 ἤχθω
874 393 896 482 ἡ
919 403 987 464 ΒΕ
1011 395 1066 463 καὶ
1090 397 1128 463 έκ-

123 505 302 594 βεβλῆσθω
327 504 381 572 ἐπὶ
404 503 442 574 τό
468 512 504 574 Ζ.
548 508 579 570 εἰ
600 503 661 590 μέν
687 494 750 570 οὖν
775 511 830 587 ἴση
856 502 948 570 ἐστὶν
972 499 993 588 ἤ
1017 509 1077 569 ΕΒ
1097 505 1129 589 τῆ

122 609 201 699 ΒΖ,
225 611 388 700 φανερόν,
412 608 464 680 ὅτι
487 608 508 694 ἤ
532 617 598 678 ΑΒ
622 607 712 690 ἄξων

87 723 227 789 σέστίν·
273 723 305 787 εἰ
331 716 369 785 δὲ
397 716 453 802 οὔ,
484 716 660 803 τετμήσθω
692 712 712 801 ἤ

124 833 187 893 ΕΖ
221 829 297 912 δίχα
329 828 375 916 τῷ
405 808 453 909 Δ,
491 822 547 890 καὶ
578 827 619 911 τῆ
647 829 713 889 AB

123 931 334 1018 παράλληλος
361 928 456 1018 ἤχθω
485 926 605 1015 ἤΓΔ.
650 954 713 1013 φα-

123 1036 225 1127 νερὸν
245 1036 299 1123 δῆ,
324 1034 375 1104 ὅτι
398 1033 418 1123 ἤ
438 1041 506 1103 ΓΔ
529 1033 620 1116 ἄξων
643 1035 713 1103 ἐστὶ

123 1149 181 1231 τῆς
222 1145 336 1229 τομῆς·
395 1141 608 1229 παράλληλος
648 1141 713 1230 γὰρ

72 1270 105 1319 10
125 1243 210 1319 οὖσα
250 1253 291 1337 τῇ
332 1249 518 1339 διαμέτρῳ,
564 1249 715 1317 τουτέστι

125 1356 302 1443 διάμετρος
326 1347 427 1440 οὖσα,
459 1357 522 1443 τῆν
544 1362 607 1423 ΕΖ
638 1358 715 1441 δίχα

124 1489 158 1532 τε
181 1462 236 1530 καὶ
260 1460 344 1551 πρὸς
367 1460 474 1549 ὀρθὰς
496 1465 616 1549 τέμνει.
656 1465 715 1547 τῆς

125 1566 191 1656 ἄρα
230 1573 389 1655 δοθείσης
424 1575 617 1656 παραβολῆς
654 1565 671 1636 ὁ
709 1567 799 1649 ἄξων
835 1567 980 1656 ηὕρηται
1018 1566 1037 1637 ὁ
1070 1575 1136 1637 ΓΛ.

193 1677 249 1744 καὶ
273 1675 435 1763 φανερόν,
461 1673 511 1744 ὅτι
535 1670 582 1755 εἷς
601 1673 691 1756 ἄξων
710 1675 780 1743 ἐστὶ
798 1685 855 1761 τῆς
873 1680 1077 1762 παραβολῆς.
1111 1678 1137 1743 εἰ

77 1800 109 1850 15
128 1780 193 1868 γὰρ
217 1782 318 1862 ἄλλος
341 1787 432 1851 ἔσται
457 1779 503 1861 ὡς
526 1779 543 1850 ὁ
564 1790 596 1849 A
602 1789 645 1866 Β,
668 1786 760 1849 έσται
776 1791 817 1869 τῆ
837 1787 903 1848 ΓΔ
920 1782 1137 1869 παράλληλος.

124 1887 181 1955 καὶ
209 1891 270 1973 τῆν
294 1895 358 1955 ΕΖ
385 1889 511 1975 τέμνει·
558 1885 641 1957 ὥστε
668 1888 724 1955 καὶ
749 1892 835 1975 δίχα.
881 1895 937 1975 ἴση
961 1887 1029 1976 ἄρα
1053 1889 1137 1957 ἐστὶν

126 1992 237 2080 ἤΒΕ
258 1997 297 2082 τῆ
322 2000 397 2061 ΒΖ·
444 1991 526 2080 ὅπερ
550 1993 686 2063 ἄτοπον.

604 2188 666 2276 ιζ’.

198 2321 264 2402 Τῆς
296 2319 456 2402 δοθείσης
484 2311 671 2401 ὑπερβολῆς
698 2312 719 2400 ἤ
749 2317 923 2394 ἐλλείψεως
952 2318 1012 2382 τὸν
1041 2313 1139 2394 ἄξονα

74 2439 108 2490 20
127 2420 247 2510 εὑρεῖν.

196 2534 278 2598 ἔστω
302 2526 471 2616 ὑπερβολὴ
496 2523 516 2614 ἤ
541 2533 685 2607 ἔλλειψις
708 2523 729 2612 ἤ
754 2533 866 2593 ΑΒΓ·
904 2530 958 2593 δεῖ
980 2529 1023 2611 δὴ
1043 2523 1141 2611 αὐτῆς

126 2640 185 2704 τὸν
210 2636 314 2717 ἄξονα
338 2634 460 2721 εὑρεῖν.

194 2739 353 2827 εὑρῆσθω
380 2743 436 2809 καὶ
464 2747 547 2809 έστω
577 2739 594 2808 δ
619 2748 705 2826 ΚΔ,
733 2740 874 2825 κέντρον
903 2738 941 2805 δὲ
963 2749 1021 2824 τῆς
1043 2749 1141 2825 τομῆς

128 2843 165 2912 τὸ
190 2853 238 2912 Κ·
283 2844 304 2931 ἤ
333 2844 399 2931 ἄρα
422 2855 494 2915 ΚΔ
521 2846 580 2924 τὰς
607 2844 657 2914 ἐπ’
684 2846 790 2932 αὐτὴν
817 2847 1026 2931 τεταγμένως
1048 2871 1141 2912 κατα-

74 2966 109 3016 ασ
128 2951 272 3036 νομένας
295 2956 372 3038 δίχα
394 2955 450 3020 καὶ
473 2959 556 3041 πρὸς
580 2950 689 3038 ὀρθὰς
711 2955 830 3040 τέμνει.

193 3056 288 3142 ἤχθω
298 3059 440 3138 πᾶθετος
455 3058 474 3146 ἤ
490 3067 596 3143 ΓΔΑ,
611 3060 667 3127 καὶ
678 3058 930 3146 ἐπεζεύχθωσαν
940 3060 978 3123 αἱ
985 3064 1063 3142 ΚΑ,
1074 3061 1141 3124 ΚΓ.

128 3163 198 3232 ἐπεὶ
218 3154 280 3228 οὖν
295 3171 350 3247 ἴση
367 3162 569 3250 έστὶνῆΓΔ
587 3170 627 3254 τῆ
643 3174 719 3252 ΔΑ,
740 3175 794 3251 ἴση
810 3161 993 3249 ἄραῆΓΚ
1010 3167 1051 3250 τῇ
1067 3169 1142 3229 ΚΑ.

200 3364 224 3414 3.
241 3354 303 3427 ἐπί]
320 3371 373 3410 om.
384 3355 424 3424 V;
444 3374 513 3415 corr.
524 3375 552 3427 p.
610 3366 651 3413 13.
672 3357 790 3429 εὕρηται
804 3377 851 3428 cp.
907 3365 949 3412 21.
971 3356 1106 3429 ἔλλειψις]
1121 3374 1141 3421 c,

129 3430 244 3498 ἕλειψις,
264 3444 347 3554 εαρεα
362 3432 495 3484 scnzm.
512 3435 535 3496 1,
555 3431 588 3484 V.
645 3437 687 3485 23.
708 3432 776 3502 ΚΔ]
797 3435 849 3484 ΑΔ
869 3431 907 3497 V;
927 3446 996 3484 corr.
1017 3447 1045 3498 p.
1101 3434 1140 3483 26.

129 3504 270 3575 ΚΑ]ΚΛ
320 3514 459 3568 ;corr.p.
