2438 3892
128 156 172 221 30
403 176 405 180 ·
525 156 693 211 ΚΩΝΗζΩΝ
710 151 752 212 α’.

128 296 200 364 κατ’
222 296 361 366 εὐθεῖαν
384 296 468 387 πρὸς
492 295 600 386 ὀρθδις
624 291 730 366 οὖσαν
749 299 790 386 τῆ
808 294 907 382 βάσει
926 303 998 368 τοῦ
1018 300 1080 369 διὰ
1097 314 1152 371 τοῦ

129 402 247 485 ἄξονος
270 400 449 490 τριγώνου,
474 401 494 490 v}
520 404 557 471 δὲ
580 402 757 492 διάμετρος
774 407 833 490 τῆς
849 407 1046 494 γινομένης
1065 411 1103 477 ἐν
1119 412 1154 497 τῆ

129 497 306 600 ἐπιφανείᾳ
329 515 434 597 τομῆς
456 507 530 596 ήτοι
553 507 643 594 παρὰ
667 515 748 595 μίαν
769 502 876 598 ήτών
895 515 964 578 τοῦ
983 514 1154 600 τριγώνου

126 620 282 702 πλευρῶν
315 613 335 702 y}
369 622 538 704 συμπίπτῃ
571 613 654 704 αὐτῆ
689 615 782 695 ἐκτὸς
810 619 868 701 τῆς
899 631 1069 709 κορυφῆς
1099 625 1153 691 τοῦ

92 743 108 791 σ
127 723 251 809 κώνου,
273 721 559 809 προσεκβάλληται
584 723 622 789 δὲ
644 721 667 809 y}
690 748 725 789 τε
748 732 809 789 τοῦ
831 721 947 790 κώνου
968 727 1152 814 ἐπιφάνεια

126 832 181 898 καὶ
204 829 242 897 τδ
266 831 390 915 τέμνον
413 832 570 897 ἐπίπεδον
590 833 642 907 ἐίς
664 827 822 917 ἄπειρον,
848 829 905 895 καὶ
932 826 957 914 v}
989 835 1081 923 τομή
1111 841 1153 918 είς

127 936 267 1022 ἄπειρον
286 933 525 1021 αὐξηθήσεται,
542 937 598 1003 καί
618 933 682 1004 ἀπὸ
698 940 757 1023 τῆς
771 937 955 1023 διαμέτρου
970 943 1035 1026 τῆς
1052 946 1152 1030 τομῆς

76 1047 80 1053 ’
125 1041 210 1127 πρὸς
236 1046 276 1130 vy}
304 1046 437 1130 κορυφῇ
465 1040 554 1130 πύση
582 1047 621 1131 vy}
651 1047 793 1132 δοθείση
816 1041 936 1134 εὐθείᾳ
964 1053 1052 1134 ἴσην
1077 1046 1153 1117 ἄπο

125 1149 269 1234 λήψεταί
288 1174 338 1227 τις
362 1147 479 1215 εὐθεῖα
498 1147 645 1235 ἀγομένη
666 1146 727 1218 ἄπὲ
749 1151 808 1236 τῆς
826 1153 887 1218 τοῦ
906 1149 1031 1220 κώνου
1049 1160 1151 1242 τομῆς

72 1274 105 1323 10
125 1253 215 1341 παρὰ
238 1253 301 1340 τῆν
326 1257 362 1322 ἐν
385 1258 425 1343 vy}
449 1251 545 1340 βάσει
568 1259 629 1322 τού
653 1255 767 1324 κώνου
790 1253 939 1326 εὐθεῖαν.

193 1365 276 1429 έστω
298 1365 418 1448 κώνος,
443 1353 484 1429 οὗ
506 1361 639 1449 κορυφή
663 1361 725 1448 μὲν
748 1361 786 1431 τὸ
810 1371 843 1429 Α
866 1377 1029 1452 σημεῖον,
1055 1367 1150 1454 βάσις

126 1467 163 1536 δὲ
178 1465 196 1536 δ
211 1475 277 1536 ΒΓ
292 1468 424 1555 κύκλος,
443 1469 499 1536 καὶ
513 1468 688 1556 τετμήσθω
705 1471 848 1560 ἐπιπέδῳ
864 1466 921 1536 διὰ
935 1475 1001 1539 τοῦ
1017 1472 1149 1558 ἄξονος,

123 1576 179 1642 καί
202 1580 338 1643 ποιείτω
368 1575 474 1662 τομήν
501 1574 540 1643 τὸ
563 1580 668 1642 ΑΒΓ
692 1582 871 1664 τρίγωνον·
902 1578 1092 1664 τετμήσθω
1116 1580 1149 1648 δὲ

124 1681 180 1747 καὶ
215 1682 314 1770 ἑτέρῳ
348 1683 492 1771 ἐπιπέδῳ
529 1683 685 1768 τέμνοντι
717 1680 778 1751 τὸν
811 1687 878 1749 ΒΓ
908 1682 1043 1754 κύκλον
1077 1684 1147 1755 κατ’

72 1806 106 1854 15
126 1784 265 1853 εὐθεῖαν
279 1783 343 1871 τήν
358 1793 429 1853 ΛΕ
445 1786 530 1873 πρὸς
544 1786 653 1876 ὀρθὰς
669 1781 775 1857 οὖσαν
789 1792 830 1877 vy}
845 1793 916 1873 ΒΓ,
936 1790 996 1857 καὶ
1011 1799 1148 1862 ποιείτω

123 1889 232 1977 τομήν
256 1894 293 1959 έν
311 1896 352 1979 vy}
372 1893 550 1982 ἐπιφανείᾳ
567 1893 631 1980 τήν
651 1904 684 1962 Λ
691 1902 755 1962 ΖΕ
775 1893 948 1983 γραμμήν·
973 1893 997 1983 y}
1020 1898 1061 1967 δὲ
1081 1899 1150 1968 διώ-

124 2022 242 2084 μετρος
265 2001 323 2083 τῆς
343 2006 447 2066 ΔΖΕ
466 2004 569 2086 τομῆς
591 1998 612 2087 y}
633 2008 705 2068 ΖΗ
723 2000 798 2088 ήτοι
821 2000 1041 2090 παράλληλος
1065 2010 1147 2074 ἔστω

124 2105 163 2191 vy}
188 2098 297 2189 ΑΓῆ
322 2106 546 2193 ἐκβαλλομένη
571 2109 781 2193 συμπιπτέτω
806 2104 889 2195 αὐτῆ
913 2106 1011 2188 ἐκτὸς
1034 2116 1101 2180 τοῦ
1118 2121 1148 2180 Α

124 2214 273 2297 σημείου.
310 2211 407 2296 λέγω,
428 2209 480 2279 ὅτι
498 2217 564 2298 καί,
584 2212 643 2280 ἐὰν
662 2211 684 2299 ῆ
703 2239 737 2281 τε
756 2217 817 2281 τοῦ
835 2213 949 2281 κώνου
964 2215 1147 2304 ἐπιφάνεια

71 2336 108 2384 20
127 2316 183 2383 καὶ
206 2315 244 2383 τὸ
267 2317 390 2404 τέμνον
413 2321 572 2386 ἐπίπεδον
591 2319 788 2405 ἐκβάλληται
808 2324 854 2398 είς
871 2317 1028 2408 ἄπειρον,
1051 2321 1146 2410 καλή

125 2431 229 2490 ΔΖΕ
249 2422 333 2509 τομῆ
358 2428 405 2504 είς
427 2423 567 2512 ἄπειρον
592 2424 828 2512 αὐξηθήσεται.

192 2528 406 2616 ἐκβεβλήσθω
430 2530 495 2618 γὰρ
519 2529 541 2618 ῆ
563 2558 598 2599 τε
616 2536 677 2600 τοῦ
696 2530 810 2601 κώνου
829 2530 1009 2618 ἐπιφάνεια
1028 2536 1087 2603 καὶ
1107 2562 1142 2604 το

123 2637 246 2722 τέμνον
266 2638 437 2705 ἐπίπεδον·
461 2636 611 2724 φανερὸν
632 2641 684 2726 δή,
705 2636 755 2707 ὅτι
769 2640 824 2705 καὶ
839 2641 877 2705 αί
889 2646 966 2725 ΑΒ,
982 2648 1062 2728 ΑΓ,
1078 2650 1144 2711 ΖΗ

124 2741 467 2827 συνεκβληθήσονται.
505 2744 574 2811 ἐπεὶ
597 2741 617 2831 v}
638 2751 711 2811 ZH
730 2749 769 2833 vy}
788 2750 857 2812 ΑΓ
874 2742 950 2830 ῆτοι
973 2750 1143 2836 παράλλη-

71 2865 105 2915 25
125 2843 183 2924 λός
207 2847 296 2912 ἐστιν
320 2842 341 2931 ῆ
366 2849 591 2936 ἐκβαλλομένη
616 2855 792 2937 συμπίπτει
816 2848 899 2938 αὐτῆ
920 2849 1017 2930 ἐκτὸς
1036 2859 1100 2923 τοῦ
1114 2864 1144 2922 Α

124 2956 275 3037 σημείου,
296 2954 333 3018 αί
345 2960 423 3039 ΖΗ,
438 2964 470 3021 A
475 2961 508 3022 Γ
521 2954 587 3043 ἄρα
607 2955 847 3043 ἐκβαλλόμεναι
867 2953 911 3034 ώς
930 2957 983 3025 ἐπὶ
997 2958 1039 3027 τὰ
1056 2966 1096 3048 Γ,
1111 2968 1146 3029 Η

124 3057 207 3143 μέρη
228 3054 387 3126 οὐδέποτε
403 3066 660 3147 συμπεσοῦνται.
694 3062 975 3149 ἐκβεβλήσθωσαν
992 3057 1069 3151 οὐν,
1088 3068 1143 3135 καί

125 3164 278 3249 είλήφθω
302 3190 333 3230 τι
358 3180 496 3251 σημεῖον
520 3169 572 3234 έπί
595 3172 653 3255 τῆς
673 3176 745 3235 ΖΗ
763 3167 865 3256 τυχὸν
888 3167 924 3236 τὸ
947 3175 986 3254 Θ,
1010 3174 1069 3240 καὶ
1086 3173 1143 3242 διδ

196 3365 220 3412 4.
241 3360 397 3430 συμπίπτῃ]
412 3379 444 3430 py
463 3364 614 3431 συμπίπτει
629 3363 661 3416 V.
717 3369 741 3418 5.
756 3382 860 3432 προσεκ
880 3361 1008 3435 α’λληται]
1025 3367 1141 3438 scripsi3

124 3430 350 3514 προσεκβαλῆται
369 3431 402 3485 V.
463 3437 506 3486 20.
526 3428 678 3506 ἕκβαλῆται
696 3434 730 3502 V,
751 3450 820 3491 corr.
867 3435 948 3502 alley.
1014 3441 1059 3493 28.
1079 3440 1142 3513 τῆς]

125 3518 176 3571 0p3
196 3521 228 3573 τη
249 3502 281 3556 V.
