2438 3892
153 111 216 179 156
479 61 483 68 ¹
547 110 715 165 Κοαιιιαω
733 106 774 168 α’.

152 254 189 323 δέ
211 253 250 322 τὸ
273 262 319 341 Ε,
346 255 400 322 καὶ
426 255 522 342 ήχθω
550 263 607 338 τής
630 259 658 320 Β
685 262 788 338 τομής
813 250 1029 338 ἐφαπτομένη
1055 245 1075 337 ή
1098 255 1128 318 Γ
1124 257 1163 337 Δ,

151 361 206 429 καὶ
231 359 418 448 ἐπεζεύχθω
443 358 464 447 ή
487 365 552 429 ΓΕ
576 358 632 426 καὶ
660 356 892 444 ἐκβεβλήσθω,
920 357 977 424 καὶ
1002 358 1100 444 ήχθω
1122 383 1164 424 τε·

151 467 321 555 ταγμένως
339 464 360 553 ή
375 473 491 551 ΒΑΗ,
514 465 570 533 καὶ
584 463 791 550 πεποιήσθω,
812 460 856 543 ὡς
874 461 895 549 ή
910 471 942 531 Λ
948 469 981 531 Γ
993 462 1079 549 πρὸς
1093 469 1164 549 ΓΗ,

153 571 270 642 εὐθεῖά
292 600 342 652 τις
364 570 386 659 ή
409 578 445 639 Κ
465 573 550 658 πρὸς
572 568 634 657 τήν
658 574 839 638 διπλασίαν
861 581 920 656 τής
943 576 1015 638 ΓΔ.

118 702 134 752 σ
221 677 273 749 ὅτι
296 678 358 766 μὲν
381 670 445 746 οὐν
468 681 505 745 αί
521 678 559 745 έν
577 680 617 767 τή
633 682 698 744 ΒΓ
717 681 802 765 τομή
821 677 1031 764 παράλληλοι
1049 681 1090 766 τῇ
1108 681 1164 744 ΓΔ

153 786 206 853 ἐπὶ
229 784 290 872 τήν
315 782 366 852 ἐπ’
388 782 523 863 εὐθείας
545 787 585 873 τή
605 789 671 851 ΕΓ
691 781 853 850 δύνανται
876 781 917 850 τά
941 781 1033 871 παρὰ
1056 781 1118 870 τήν
1135 788 1165 850 Κ

153 896 380 979 παρακείμενα
394 895 499 978 χωρία
512 888 619 975 πλάτη
635 893 754 976 έχοντα
767 886 828 975 τήν
842 884 1165 976 άπολοιμβανομένην

153 993 210 1064 ὑπ’
233 993 345 1065 αὐτῶν
368 995 453 1084 πρὸς
474 999 514 1083 τῇ
534 993 604 1083 ἁφή
623 992 876 1081 ὑπερβάλλοντα
896 998 978 1061 είδει
997 992 1106 1086 ὁμοίῳ
1123 997 1164 1086 τῷ

154 1099 220 1170 ὐπὸ
232 1108 303 1187 ΓΖ,
313 1108 355 1188 Κ,
371 1102 534 1189 φανερόν·
559 1106 718 1169 διπλασία
731 1100 796 1188 γάρ
812 1102 903 1168 ε’στιν
916 1098 937 1187 ή
948 1107 1015 1168 ΖΓ
1029 1113 1088 1188 τής
1101 1107 1166 1169 ΓΕ

102 1232 136 1282 10
222 1211 308 1295 λέγω
337 1209 395 1296 δή,
429 1206 480 1277 ὅτι
507 1208 563 1276 καὶ
591 1209 628 1276 ἐν
653 1212 693 1296 τῇ
718 1215 784 1276 ΖΑ
809 1210 893 1296 τομή
921 1206 960 1275 τὸ
983 1205 1066 1276 αὐτὸ
1091 1227 1167 1295 σνμ

154 1313 301 1403 βήσεται.

222 1421 319 1511 ήχθω
347 1421 411 1511 γὰρ
436 1420 492 1490 διὰ
519 1423 580 1490 τοῦ
605 1428 632 1487 Ζ
661 1421 872 1507 ἐφαπτομένη
895 1431 953 1507 τής
976 1429 1008 1488 Α
1015 1427 1042 1488 Ζ
1069 1431 1170 1508 τομῆς

155 1526 176 1616 ή
201 1537 289 1616 ΜΖ,
322 1530 378 1598 καὶ
405 1528 610 1616 τεταγμένως
636 1524 776 1613 άνήχθω
805 1523 825 1614 ή
854 1528 966 1603 AEN.
1018 1527 1075 1594 καὶ
1104 1528 1170 1597 ἐπεὶ

156 1626 385 1723 άντικείμεναί
400 1639 486 1703 εἰσιν
506 1637 543 1702 αί
560 1639 632 1719 ΒΓ,
651 1642 683 1701 A
689 1640 727 1719 Z,
751 1631 978 1720 ἐφαπτόμεναι
1002 1633 1040 1715 δὲ
1058 1631 1171 1702 αὐτῶν

104 1765 137 1815 15
156 1745 194 1808 αί
220 1747 297 1823 ΓΔ,
320 1748 409 1824 ΜΖ,
442 1748 496 1826 ίση
530 1739 596 1827 άρα
623 1739 679 1808 καὶ
707 1739 918 1826 παράλληλός
945 1740 1037 1808 ἐστιν
1064 1737 1087 1826 ή
1111 1747 1172 1808 ΓΔ

156 1850 195 1935 τή
220 1852 301 1913 ΜΖ.
348 1853 404 1932 ἴση
433 1845 470 1914 δέ
497 1847 553 1915 καὶ
576 1843 597 1933 ή
620 1852 686 1913 ΓΕ
710 1849 750 1934 τῇ
773 1849 849 1912 ΕΖ·
885 1844 940 1912 καὶ
964 1841 984 1931 ή
1009 1852 1080 1913 ΕΔ
1109 1845 1172 1936 άρα

156 1955 196 2040 τῇ
210 1958 289 2020 ΕΜ
308 1954 398 2020 ἐστιν
418 1961 483 2039 ἴση.
519 1952 575 2020 καὶ
594 1954 666 2020 ἐπεί
683 1952 785 2038 ἐστιν,
809 1948 855 2032 ὡς
873 1948 893 2038 ή
909 1957 978 2019 ΛΓ
995 1950 1082 2038 πρὸς
1096 1959 1173 2040 ΓΗ,

157 2055 177 2145 ή
201 2063 237 2125 Κ
257 2057 339 2146 πρὸς
362 2055 424 2145 τήν
448 2063 627 2127 διπλασίαν
650 2069 707 2145 τής
727 2063 806 2144 ΓΛ,
834 2058 984 2126 τουτέστι
1006 2069 1065 2144 τής
1090 2067 1173 2147 ΜΖ,

157 2164 212 2233 καὶ
236 2161 282 2244 ὡς
300 2163 366 2253 άρα
385 2161 481 2253 ήΞΖ
504 2166 587 2253 πρὸς
601 2172 680 2250 ΖΝ,
703 2161 775 2252 ήΚ
797 2163 881 2252 πρὸς
903 2163 966 2250 τήν
990 2169 1172 2236 διπλασίαν

104 2297 137 2346 20
156 2284 214 2361 τῆς
224 2278 266 2341 Μ
269 2279 304 2341 Ζ.
337 2273 408 2340 ἐπεὶ
427 2265 490 2341 οὖν
507 2269 677 2358 ὑπερβολή
697 2273 788 2339 ἐστιν
807 2269 828 2357 ἡ
844 2278 919 2357 ΑΖ,
943 2261 982 2357 ής
997 2271 1176 2358 διάμετρος

156 2378 177 2467 ή
203 2388 283 2466 ΑΒ,
312 2381 523 2468 ἐφαπτομένη
549 2378 586 2447 δέ
609 2379 630 2465 ή
655 2385 742 2464 ΜΖ,
770 2378 827 2445 καὶ
850 2378 1056 2465 τεταγμένως
1079 2371 1176 2466 ήκται

157 2488 283 2576 ήΑΝ,
307 2493 367 2556 καί
386 2490 488 2572 ἐστιν,
512 2483 558 2566 ὡς
581 2483 601 2571 ή
622 2487 683 2562 ΞΖ
706 2483 789 2570 πρὸς
808 2491 886 2568 ΖΝ,
909 2482 930 2570 ἡ
951 2491 984 2551 Κ
1005 2483 1092 2571 πρὸς
1115 2485 1176 2573 τήν

158 2598 338 2663 διπλασίαν
352 2606 409 2682 τής
424 2600 507 2678 ΖΜ,
528 2592 605 2660 ὅσαι
624 2586 667 2659 άν
687 2588 753 2658 άπὸ
772 2601 830 2677 τής
848 2601 950 2677 τομής
967 2594 1177 2679 παράλληλοι

159 2704 198 2786 τή
210 2707 287 2767 ΖΜ
300 2697 454 2787 ἀχθῶσιν
469 2700 522 2767 ἐπὶ
536 2696 599 2784 τήν
615 2695 664 2767 ἐπ’
678 2695 813 2778 εὐθείας
827 2701 866 2784 τῇ
877 2703 951 2781 ΕΖ,
967 2697 1177 2784 δυνήσονται

106 2826 139 2875 25
159 2802 196 2871 τὸ
220 2808 458 2894 περιεχόμενον
483 2804 699 2894 ὀρθογώνιον
726 2801 791 2872 ὑπὸ
819 2813 877 2889 τής
900 2809 935 2870 Κ
960 2800 1098 2885 εὐθείας
1120 2805 1176 2874 καὶ

159 2920 216 2996 τής
239 2907 561 2998 ἀπολαμβανομένης
588 2908 646 2978 ὑπ’
673 2909 785 2977 αὐτῶν
812 2909 897 2995 πρὸς
923 2911 968 3000 τῷ
994 2915 1021 2974 Ζ
1051 2916 1176 3002 σημείῳ

160 3013 373 3102 ὑπερβάλλον
398 3020 480 3084 είδει
504 3013 608 3107 ὁμοίω
632 3022 678 3109 τῷ
702 3013 768 3084 ὐπδ
793 3020 864 3100 ΓΖ,
883 3020 924 3081 Κ.

233 3182 257 3232 3.
276 3175 452 3230 πεποιείσθω
472 3175 509 3239 V;
530 3191 598 3230 corr.
618 3193 645 3245 p.
710 3181 750 3229 13.
771 3175 874 3246 ΑΞΝ]
894 3176 954 3228 AN
957 3177 985 3234 Ξ
1001 3176 1040 3242 V3
1060 3191 1131 3231 corr.
1150 3193 1175 3245 p.

198 3252 240 3302 18.
259 3241 276 3316 ή
296 3246 338 3316 Κ]
358 3248 418 3299 HK
434 3246 472 3310 V;
492 3263 561 3302 corr.
602 3290 608 3301 .
681 3252 723 3301 22.
744 3242 762 3314 ἡ
781 3246 823 3317 Κ]
845 3262 891 3315 cp,
913 3249 972 3300 HK
988 3245 1023 3314 V,
1043 3247 1094 3300 sed
1109 3263 1176 3302 corr.

162 3337 198 3373 m.
214 3323 239 3373 1.
295 3324 337 3372 27.
356 3311 569 3386 ὑπερβάλλοντα
615 3340 622 3384 3
642 3334 711 3371 corr.
727 3317 844 3386 Memus,
864 3316 913 3372 sed
931 3318 1035 3386 nescio,
1056 3315 1176 3373 auferri

161 3391 259 3460 possit.
334 3391 392 3455 ΓΖ,
407 3387 448 3457 Κ]
471 3391 551 3441 ΓΚΖ
570 3388 607 3455 V;
628 3404 697 3443 corr.
717 3407 744 3458 p.
