2438 3892
137 155 181 218 42
532 154 699 208 ΚΩΝΙΚΩΝ
718 149 758 206 α’.

203 302 372 363 καλείσθω
396 296 433 365 δὲ
456 293 476 382 ῇ
500 295 563 383 μὲν
585 294 722 381 τοιαύτη
746 292 830 381 τομῇ
853 294 1060 383 παραβολῇ,
1089 296 1168 385 ἡδὲ

138 409 200 471 ΘΖ
223 405 305 490 παρ’
325 398 368 490 ῇν
392 401 556 470 δύνανται
579 404 616 469 αί
636 400 860 487 καταγόμεναι
878 405 1103 489 τεταγμένως
1121 405 1168 473 ἐπὶ

137 510 199 596 την
224 517 294 577 ΖΗ
313 508 505 596 διάμετρον,
527 515 696 577 καλείσθω
721 505 836 576 δὲκαὶ
860 505 977 593 ὀρθία.

557 748 560 753 ,
620 685 677 770 ιβ’.

101 836 117 885 5
200 811 280 881 Ἐὰν
303 814 412 890 κώνος
434 812 578 901 ἐπιπέδῳ
600 814 711 898 τμηθῇ
732 809 788 877 διὰ
806 814 868 878 τοῦ
886 807 1028 898 άξονος,
1053 817 1168 903 τμηθῇ

141 918 256 986 δὲκαὶ
280 919 381 1007 ἑτέρῳ
405 919 548 1008 ἐπιπέδῳ
571 919 726 1004 τέμνοντι
748 917 811 1004 τὴν
833 916 935 1002 βάσιν
958 922 1028 986 τοῦ
1053 920 1169 989 κώνου

138 1023 206 1092 κατ’
234 1022 372 1092 εὐθεῖαν
394 1021 478 1108 πρὸς
501 1022 608 1110 ὀρθάς
631 1016 738 1092 οὖσαν
761 1034 800 1113 τῇ
824 1023 920 1110 βάσει
939 1028 1006 1092 τοῦ
1028 1025 1090 1095 διά
1110 1031 1170 1095 τοῦ

141 1131 261 1211 άξονος
286 1129 470 1217 τριγώνου,
498 1131 555 1197 καὶ
582 1128 603 1217 ῇ
632 1130 808 1217 διάμετρος
834 1134 893 1216 τῇς
917 1138 1028 1218 τομῆς
1052 1135 1169 1222 ἐκβαλ-

141 1238 264 1323 λομένη
303 1243 470 1325 συμπίπτη
508 1240 566 1327 μιῇ
601 1241 728 1327 πλευρᾷ
760 1241 821 1305 τοῦ
853 1235 909 1304 διὰ
942 1240 1009 1305 τοῦ
1044 1237 1169 1322 άξονος

86 1366 119 1414 10
139 1343 306 1431 τριγώνου
332 1341 424 1424 ἐκτὸς
446 1355 505 1431 τῆς
526 1347 588 1412 τοῦ
610 1346 723 1412 κώνου
745 1347 905 1431 κορυφῇς,
928 1341 1004 1429 ῇτις
1029 1342 1078 1415 ἂν
1103 1346 1166 1416 άπὸ

137 1455 197 1537 τῇς
236 1455 339 1539 τομῆς
380 1448 470 1541 άχθῇ
511 1449 723 1536 παράλληλος
762 1454 801 1538 τῇ
838 1453 936 1538 κοινῇ
973 1457 1066 1543 τομῇ
1108 1458 1168 1523 τοῦ

140 1560 319 1645 τέμνοντος
346 1560 504 1627 ἐπιπέδου
531 1557 587 1625 καὶ
614 1561 673 1643 τῇς
699 1555 828 1643 βάσεως
853 1559 915 1623 τοῦ
938 1556 1076 1645 κώνου,
1108 1563 1167 1641 ἕως

137 1669 196 1751 τῇς
228 1666 407 1751 διαμέτρου
438 1669 497 1750 τῇς
526 1668 630 1751 τομῆς
662 1662 845 1750 δυνήσεταί
873 1689 905 1730 τι
937 1671 1071 1751 χωρίον
1107 1692 1166 1735 πα-

140 1776 339 1857 ρακείμενον
362 1773 451 1858 παρά
473 1795 549 1838 τινα
572 1767 723 1857 εύθείαν,
747 1768 831 1855 πρὸς
853 1765 897 1856 ἣν
919 1769 1029 1856 λόγον
1055 1777 1126 1861 ἔχει
1146 1771 1165 1861 ἡ

86 1898 119 1947 15
139 1873 188 1944 ἐπ’
216 1874 351 1956 εὐθείας
378 1875 439 1963 μὲν
468 1869 552 1944 οὖσα
578 1880 619 1964 τῇ
649 1878 814 1968 διαμέτρῳ
841 1879 899 1962 τῇς
925 1881 1050 1965 τομῆς,
1084 1878 1165 1949 ὑπο-

138 1988 294 2055 τείνουσα
323 1983 360 2051 δέ
387 1982 449 2069 τῇν
477 1982 571 2062 ἐκτὸς
597 1985 657 2050 τοῦ
685 1981 853 2070 τριγώνου
880 1988 1028 2069 γωνίαν,
1060 1983 1106 2056 ὃν
1129 1985 1165 2056 τὸ

137 2088 348 2177 τετράγωνον
371 2089 408 2158 τὸ
433 2086 498 2158 άπὸ
522 2093 581 2176 τῇς
602 2085 746 2176 ῇγμένης
764 2087 830 2157 άπὸ
849 2092 907 2174 τῇς
925 2096 1087 2178 κορυφῇς
1107 2095 1165 2162 τοῦ

138 2195 251 2264 κώνου
272 2194 363 2281 παρὰ
385 2193 448 2283 την
472 2195 652 2283 διάμετρον
675 2199 733 2281 τῇς
751 2199 852 2282 τομῇς
872 2197 934 2275 ἕως
952 2198 1013 2281 τῇς
1032 2198 1166 2283 βάσεως

137 2307 198 2371 τοῦ
234 2303 402 2390 τριγώνου
439 2302 523 2390 πρὸς
553 2301 591 2370 τὸ
628 2300 865 2389 περιεχόμενον
900 2298 966 2368 ὑπὸ
1001 2314 1074 2372 τῶν
1110 2309 1166 2392 τῇς

85 2431 119 2480 20
139 2409 268 2496 βάσεως
292 2408 487 2497 τμημάτων,
515 2399 564 2477 ών
587 2406 719 2493 ποιείῇ
745 2408 902 2495 άχθεῑσα,
930 2406 1061 2492 πλάτος
1087 2418 1166 2500 ἔχον

137 2515 200 2602 τῇν
229 2516 555 2604 άπολαμβανομένην
583 2511 636 2583 ὑπ’
667 2512 770 2601 αύτῇς
797 2514 862 2584 άπὸ
890 2518 949 2601 τῇς
974 2517 1167 2608 διαμέτρου

138 2623 222 2708 πρὸς
247 2627 287 2713 τῇ
316 2634 450 2712 κορυφῇ
478 2627 536 2708 τῇς
559 2625 678 2708 τομῇς,
706 2618 919 2708 ὑπερβάλλον
943 2624 1029 2689 είδει
1056 2621 1165 2716 ὁμοίῳ

138 2753 172 2794 τε
205 2730 260 2797 καὶ
292 2727 417 2815 ὁμοίως
447 2729 588 2819 κειμένῳ
616 2731 662 2818 τῷ
691 2729 913 2817 περιεχομένῳ
939 2723 1010 2794 ύπύ
1041 2757 1078 2798 τε
1109 2744 1167 2819 τῆς

139 2831 378 2918 ὑποτεινούσης
402 2834 464 2918 τὴν
489 2832 581 2912 ἐκτὸς
603 2839 731 2919 γωνίαν
754 2837 815 2900 τοῦ
839 2831 1007 2919 τριγώνου
1028 2836 1167 2925 καὶτῆς

85 2965 120 3013 25
140 2936 218 3024 παρ’
249 2935 292 3025 ἢν
325 2938 488 3006 δύνανται
522 2943 560 3006 αί
591 2937 827 3026 καταγόμενοι·
863 2943 1036 3006 καλείσθω
1072 2943 1115 3012 δέ
1145 2947 1163 3029 ῇ

141 3043 278 3130 τοιαύτη
301 3044 385 3130 τομῇ
409 3041 616 3132 ὑπερβολῇ.

207 3157 289 3219 ἐστω
313 3155 437 3237 κῶνος,
462 3142 502 3220 οὗ
525 3151 659 3239 κορυφῇ
684 3152 744 3239 μὲν
767 3151 805 3220 τὸ
830 3161 862 3219 Α
885 3164 1039 3239 σημεῖον,
1064 3156 1165 3241 βάσις

141 3259 178 3326 δὲ
215 3256 232 3325 ὁ
267 3264 333 3325 ΒΓ
364 3257 499 3345 κύκλος,
533 3259 588 3327 καὶ
620 3260 794 3344 τετμήσθω
826 3261 970 3349 ἐπιπέδῳ
1004 3261 1066 3328 διὰ
1102 3267 1163 3333 τοῦ

212 3445 236 3491 4.
252 3431 304 3507 ιβ’]
316 3454 343 3505 p,
360 3451 413 3490 om.
425 3436 459 3503 V,
470 3455 506 3492 m.
517 3443 533 3492 2
544 3457 570 3493 v.
614 3443 655 3491 15.
667 3431 797 3508 εὐθείας]
813 3453 904 3506 comp.
914 3435 948 3489 V.
986 3436 1121 3505 μένουσα
1130 3440 1162 3508 V,

140 3525 210 3564 corr.
225 3508 387 3564 command.
