2438 3892
71 116 211 223 ων
296 99 361 209 .'
484 148 766 224 -mmmess

137 338 140 345 ·
211 297 374 382 ἤχθωσαν
407 292 471 391 γὰρ
505 293 731 382 ἐφαπτόμεναι
763 304 832 362 τῶν
864 304 981 381 τομῶν
1012 267 1069 363 διά
1097 299 1179 364 τῶν

25 457 30 465 .
145 389 191 488 A,
212 408 250 488 Β,
270 408 309 487 Γ,
328 407 361 468 A
389 404 535 529 σημείων
564 403 602 467 αί
627 390 747 486 ΖΑΗ,
765 406 890 486 ΗΔΘ,
916 407 1033 487 ΘΒΚ,
1054 408 1157 489 ΚΓΖ·

64 580 66 585 ,
131 505 527 638 παραλληλόγραμμον”
506 533 571 595 αμα
587 504 702 574 ἐστὶ
669 532 706 575 το
723 511 870 574 ΖΗΘΚ.
908 507 1158 596 ἐπεζεύχθωσαν
1186 553 1189 561 ·

144 607 208 684 οὖν
232 618 269 682 αλ
286 607 397 699 ΖΕΘ,
417 619 537 680 ΚΕΗ·
578 610 754 692 εὐθεῖαι’
733 639 799 701 αρα
822 613 887 680 είσὶ
911 613 968 680 καλ
992 598 1156 702 ἀιάμετοοι

34 718 38 725 ’
108 731 204 793 στοῦ
240 718 606 808 παραλληλογράμμου,
641 719 698 786 καὶ
735 721 812 847 δίγα
847 719 1027 806 τέμνονται
1060 726 1155 790 πάσαι

28 856 31 861 ·
135 825 225 896 κατὰ
253 825 290 895 τὸ
316 835 352 894 Ε
372 840 520 913 σημεῖον.
566 825 621 892 καλ
640 825 779 893 ’ἐπεὶ
747 851 784 893 το
813 829 896 915 πρὸς
918 830 958 915 τῇ
981 834 1050 895 AB
1075 825 1154 906 εἶδος

57 964 60 969 ·
143 941 219 1001 ίσον
244 932 313 1001 ἐστὶ
336 936 382 1023 τῷ
407 930 473 1022 ἀπὸ
498 935 557 1017 τῆς
580 937 647 997 ΓΔ
669 929 881 1025 τετραγώνῳ,
911 939 968 1020 ἴση
993 932 1033 1002 δὲ
1056 932 1078 1021 ἡ
1100 940 1157 1002 ΓΕ

52 1118 59 1135 γ’
116 1045 181 1128 τῇ
209 1047 293 1124 EA,
325 1035 559 1124 ἕκαστονάρα
586 1041 654 1104 τῶν
682 1034 748 1103 ἀπὸ
780 1044 859 1122 ZA,
884 1043 970 1122 AH,
995 1046 1154 1128 KB‚·136

141 1144 298 1233 τέταρτόν
326 1130 392 1213 ἐστι
421 1147 483 1211 τοῦ
510 1143 594 1231 πρὸς
621 1146 660 1231 τῇ
685 1149 749 1210 AB
779 1147 898 1224 είδους.
946 1144 1154 1233 ἀσύμπτωτα

91 1276 123 1324 10
143 1250 208 1337 ἀρα
236 1252 300 1319 είσλ
328 1253 395 1318 τῶν
419 1259 465 1335 Α,
490 1256 518 1318 Β
542 1253 654 1334 τομῶν
679 1251 716 1315 αι’
738 1256 848 1336 ΖΕΘ,
872 1257 990 1321 ΚΕΗ.
1038 1251 1153 1341 ὁμοίως

138 1356 184 1446 δὴ
208 1359 372 1444 δείξομεν,
396 1353 447 1424 ὅτι
470 1355 525 1422 καλ
548 1359 617 1423 τῶν
641 1361 678 1451 Γ,
697 1363 731 1421 Δ
753 1358 864 1452 τομῶν
888 1360 927 1423 αί
948 1357 1053 1426 αὐταί
1068 1365 1152 1437 ,είσιν

63 1516 65 1520 r
140 1463 366 1552 ἀσύμπτωτοι.
416 1467 484 1531 τῶν
517 1459 582 1550 ἀρα
613 1461 696 1529 κατά
730 1468 891 1549 συζυγίαν
918 1461 1159 1554 ἀντικειμένων·

26 1627 32 1638 .
140 1577 256 1640 κοιναί
276 1576 362 1639 είσιν
385 1564 609 1656 ἀσύμπτωτοι.

619 1789 678 1848 ιη.

17 1874 21 1881 ’
51 1910 143 1959 .·15
203 1887 283 1956 Ἐἀν
312 1899 371 1977 μιᾷ
404 1891 471 1954 τῶν
503 1884 587 1954 κατά
617 1893 777 1974 συζυγίαν
806 1887 1047 2018 ἀγτικειμένων
1075 1911 1149 1979 συμ

71 2041 76 2092 3
136 2000 304 2065 πίπτουσα
328 1991 444 2062 εὐθεια
469 1994 693 2080 ἐκβαλλομένη
713 1992 801 2080 60*
784 1994 922 2083 εκάτερα
942 1995 1037 2077 ἐκτὸς
1055 2003 1148 2087 πίπιη

138 2104 196 2187 τῆς
213 2111 327 2187 τομῆς,
346 2112 560 2185 συμπεσεῖται
580 2100 651 2172 ἑκα-

137 2209 217 2297 τέρμ
232 2211 300 2274 τῶν
313 2208 430 2293 ἐφεξῆς
445 2232 556 2293 τομων
571 2206 758 2273 καθ’·

138 2318 175 2382 ἓν
197 2316 304 2401 μόνον
328 2326 475 2399 σημεῖον.

84 2441 119 2491 20
205 2427 354 2489 ἔστωσαν
381 2416 463 2487 κατά
491 2423 650 2505 συζυγίαν
746 2431 749 2436 ’

137 2517 360 2614 ἀντικείμενοι
382 2527 480 2613 τομαὶ
501 2528 538 2592 ac
555 2535 596 2609 A,
612 2532 651 2607 Β,

137 2641 174 2717 Γ,
192 2635 241 2720 Δ,
264 2635 320 2701 καλ
347 2638 386 2720 τῇ
411 2639 443 2699 Γ
466 2658 515 2711 τις
534 2628 650 2698 εὐθεῖα

136 2742 345 2823 συμπιπτέτω
373 2736 393 2823 ἡ
423 2744 486 2804 ΕΖ
517 2736 572 2803 καὶ
600 2739 648 2802 ε’κ-
762 2724 766 2731 ’

134 2841 323 2929 βαλλομένη
344 2841 398 2927 ἐφ’
416 2842 553 2932 ἑκάτερα
573 2840 664 2921 ἐκτὸς
684 2844 824 2909 πιπτέτω
841 2847 898 2928 τῆς
911 2848 1022 2930 τομῆς.
1054 2845 1141 2927 λέγω,

81 2969 115 3018 25
134 2946 186 3031 ὅτι
220 2961 433 3032 συμπεσεῖται
467 2950 603 3038 ἑκατέρᾳ
635 2953 703 3016 τῶν
729 2959 776 3037 A,
805 2956 833 3014 Β
865 2959 978 3035 τομῶν
1007 2946 1086 3040 καθ’
1111 2952 1140 3015 ἓν

117 3050 240 3138 ,μόνον
264 3042 411 3138 σημεῖον.
526 3091 530 3100 -
1161 3139 1165 3147 Ι

168 3157 436 3246 έστωσαυγάρ
460 3158 672 3244 ἀσύμπτωτοι
696 3165 762 3228 τῶν
782 3165 909 3247 τομῶν
918 3165 955 3227 αἱ
973 3169 1052 3247 ΗΘ,
1072 3169 1104 3229 Κ
1109 3165 1139 3228 Λ

124 3354 127 3359 ’
204 3359 229 3407 8
254 3347 324 3421 ἀπό]
348 3345 463 3418 νπόλλ;
492 3369 560 3406 corr.
581 3353 697 3409 Μοιωυε.
791 3362 831 3411 15.
853 3351 933 3425 Ἐάν]
960 3322 1048 3422 ἐνλλ;
1078 3371 1158 3417 corr„

43 3442 48 3452 ·
88 3424 280 3549 garilavgr.
301 3428 382 3488 23563
413 3394 465 3485 ίάἀ
486 3418 517 3476 ἐν
537 3439 582 3490 ep.
677 3433 716 3480 16
741 3428 842 3505 πίττῃ]
868 3444 894 3494 ο,
924 3443 992 3481 corr.
1018 3443 1050 3480 ex
1076 3430 1140 3492 πίπη
