2446 3916
123 183 146 246 4
520 183 688 236 mmmm
707 178 746 238 α’.

124 327 269 412 τέσσαρα
292 327 461 393 πέπτωκεν
485 329 532 405 είς
554 320 691 410 ἀγωγὴν
711 324 920 411 στοιχειώδη,
944 325 1086 410 περιέχει
1108 325 1146 393 δὲ

124 429 162 498 τὸ
184 430 245 518 μὲν
264 442 399 517 πρῶτον
417 427 476 510 τάς
494 431 641 515 γενέσεις
659 433 728 498 τῶν
746 435 850 517 τριῶν
869 436 982 518 τομῶν
1001 432 1057 497 καὶ
1075 435 1146 498 τῶν

126 535 366 623 ἀντικειμένων
378 536 433 603 καὶ
452 533 492 603 τά
513 538 549 603 έν
568 533 688 615 αὐταῖς
706 534 825 622 ἀρχικά
846 536 1071 624 συμπτώματα
1092 537 1146 604 έπὶ

124 643 227 710 πλέον
251 643 306 709 καὶ
330 641 483 710 καθόλου
506 645 635 729 μᾶλλον
656 644 892 730 ἐξειργασμένα
910 641 999 728 παρά
1018 641 1058 710 τά
1077 640 1145 711 ὑπὸ

90 753 194 816 ὁτῶν
217 747 330 817 ἀλλων
357 749 584 836 γεγραμμένα,
613 748 650 815 τὸ
677 748 715 815 δὲ
739 748 898 836 δεύτερον
921 747 961 817 τά
986 749 1062 834 περὶ
1085 749 1147 830 τὰς

126 857 325 942 διαμέτρους
351 855 407 922 καὶ
432 854 512 934 τοὺς
534 853 658 934 ἀξονας
684 857 753 922 τῶν
776 858 889 941 τομῶν
913 860 1147 942 συμβαίνοντα

124 962 180 1029 καὶ
202 960 262 1041 τάς
285 958 526 1046 ἀσυμπτῶτους
546 961 601 1028 καὶ
621 959 707 1029 ἀλλα
724 960 863 1048 γενικὴν
881 963 937 1029 καὶ
957 960 1146 1048 ἀναγκαίαν

124 1072 242 1156 χρείαν
270 1067 481 1156 παρεχόμενα
513 1066 598 1154 πρὸς
625 1065 704 1147 τοὺς
733 1069 944 1157 διορισμοάς·
985 1075 1079 1147 τίνας
1108 1069 1146 1136 δὲ

127 1175 325 1260 διαμέτρους
348 1173 403 1240 καί
424 1180 517 1254 τίνας
536 1173 659 1255 ἀξουας
676 1178 779 1261 καλῶ,
803 1174 949 1261 εἰδήσεις
967 1177 1003 1242 έιι
1020 1173 1146 1243 τούτου

75 1295 109 1344 10
126 1285 188 1349 τοῦ
212 1285 355 1366 βιβλίου.
396 1278 433 1348 τὸ
459 1280 496 1348 δέ
519 1286 634 1369 τρίτον
657 1280 765 1349 πολλὰ
787 1282 843 1363 καὶ
861 1280 1037 1367 παράδοξα
1060 1290 1146 1348 θεωέ

126 1386 257 1474 ρήματα
280 1386 426 1475 χρήσιμα
453 1387 536 1475 πρός
558 1413 594 1456 τε
621 1385 680 1467 τάς
703 1388 881 1465 συνθέσεις
907 1391 976 1454 τῶν
1000 1391 1146 1473 στερεῶν

126 1492 240 1562 τόπων
254 1494 311 1561 καὶ
326 1491 405 1573 τούς
419 1494 633 1581 διορισμούς,
648 1485 697 1561 ῶν
711 1492 751 1561 τά
766 1501 903 1561 πλείστα
916 1493 972 1560 καὶ
986 1493 1148 1561 κάλλιστοι

127 1602 214 1686 ξένα,
234 1598 255 1666 ἀ
271 1602 327 1667 καὶ
342 1601 609 1685 κατανοήσαντες
624 1604 825 1687 σννείδομεν
840 1598 884 1687 μὴ
901 1602 1146 1686 συντιθέμενον

126 1702 192 1773 ὑπὸ
218 1703 407 1773 Εὐκλείδου
434 1704 494 1772 τὸν
523 1706 576 1773 ε’πλ
604 1719 693 1793 τρεῖς
722 1707 777 1773 καὶ
805 1708 968 1793 τέσσαρας
992 1705 1147 1793 γραμμάς

74 1826 107 1876 15
125 1811 248 1897 τόπον,
282 1808 366 1877 ἀλλά
395 1810 516 1899 μόριον
543 1809 581 1879 τδ
611 1810 714 1898 τυχὸν
742 1809 848 1880 αὐτοῦ
876 1813 1054 1881 καὶτοῦτο
1084 1809 1147 1881 οὐκ

127 1913 285 2002 εὐτυχῶς
329 1913 371 1983 οὐ
402 1914 467 2003 γάρ
499 1907 542 2003 ἦν
578 1917 726 1984 δυνατὸν
754 1917 837 1986 ἀνευ
863 1922 932 1986 τῶν
962 1938 1146 2007 προσενρη-

126 2023 238 2110 μένων
253 2019 335 2109 ἡμῖν
348 2029 570 2109 τελειωθῆναι
586 2021 647 2109 την
662 2022 837 2091 σύνδεσιν.
870 2021 908 2091 τδ
925 2024 962 2092 δὲ
976 2027 1145 2113 τέταρτον,

126 2133 281 2215 ποσαχῶς
306 2131 344 2195 αί
362 2132 431 2196 τῶν
453 2128 574 2197 κῶνων
598 2130 697 2216 τομαὶ
721 2127 880 2216 ἀλλήλαις
899 2157 933 2197 τε
951 2132 1006 2199 καὶ
1024 2136 1065 2219 τῇ
1085 2137 1147 2200 τοῦ

126 2233 252 2303 κύκλου
266 2241 462 2326 περιφερεία
482 2235 725 2322 συμβάλλουσι,
745 2236 801 2304 καὶ
820 2235 904 2304 ἀλλα
924 2239 960 2304 έκ
973 2244 1146 2324 περισσοῦ,

74 2357 109 2406 20
128 2331 177 2409 ῶν
205 2339 431 2426 οὐδέτερον
414 2340 480 2410 υπὸ
503 2346 572 2411 τῶν
600 2343 664 2430 πρὸ
690 2340 786 2472 ἡμῶν
811 2345 1004 2431 γέγραπται,
1033 2344 1147 2413 κῶνον

127 2449 211 2535 τομὴ
246 2445 266 2535 ἢ
301 2447 428 2516 κύκλου
459 2450 653 2537 περιφέρεια
685 2448 768 2517 κατά
797 2450 886 2519 πόσα
914 2465 1033 2578 σημεῖα
1066 2443 1146 2538 συμ-

127 2553 301 2638 βάλλουσι.
341 2551 382 2621 τὰ
405 2554 442 2622 δὲ
465 2554 565 2622 λοιπά
585 2557 654 2622 ἐστι
677 2555 1047 2644 περιουσιαστικῶτερα·
1076 2562 1146 2626 έστι

127 2657 191 2744 γάρ
215 2659 252 2726 τὸ
278 2659 340 2747 μὲν
363 2662 439 2747 περὶ
465 2665 647 2747 ἐλαχίστων
674 2660 730 2728 καὶ
758 2667 923 2747 μεγίστων
952 2663 1005 2729 ἐπὶ
1033 2666 1147 2751 πλέον,

128 2764 165 2832 τὸ
191 2764 228 2832 δὲ
251 2765 326 2853 περὶ
351 2773 435 2833 ίσων
458 2769 513 2834 καὶ
532 2765 660 2855 ὁμοίων
679 2770 792 2834 κω’νου
810 2777 935 2852 τομῶν,
958 2765 995 2834 τὸ
1017 2769 1054 2837 δὲ
1070 2774 1146 2854 περὶ

74 2889 108 2938 25
129 2875 343 2958 διοριστικῶν
358 2873 600 2960 θεωρημάτων,
618 2871 656 2941 τδ
677 2872 715 2940 δὲ
733 2874 978 2959 προβλημάτων
991 2882 1147 2945 κωνικῶν

129 2979 370 3064 διωρισμένων.
418 2976 458 3045 οὐ
486 2978 553 3064 μὴν
582 2978 666 3046 ἀλλά
694 2978 750 3046 καί
773 2978 909 3047 πάντων
935 2983 1147 3052 έκδοθέντων

128 3085 232 3164 ἔξεστι
251 3096 322 3162 τοῖς
340 3083 621 3170 περιτυγχάνουσι
640 3091 769 3171 κρίνειν
789 3085 885 3172 αὐτά,
911 3084 955 3167 ῶς
974 3084 1016 3154 ἀν
1031 3089 1146 3158 αὐτῶν

128 3192 264 3268 ἕκαστος
288 3192 430 3275 αἱρῆται.
477 3187 616 3277 εὐτύχει.

201 3391 226 3439 1.
245 3383 407 3467 πέπτωκεν]
427 3401 473 3473 cp,
493 3385 676 3442 πέπτωκεν.
768 3395 792 3443 5.
812 3387 874 3513 τάν]
895 3385 961 3452 τούς
979 3389 1005 3443 V
1007 3408 1145 3462 ‚mcorrp

164 3462 188 3511 9.
207 3455 273 3527 καί]
298 3456 409 3525 scripsi,
432 3453 502 3526 ἤλῑ.
587 3465 628 3512 13
653 3461 824 3545 συνείδοιμεν
889 3461 963 3530 (fort.
984 3464 1071 3528 recte;
1096 3463 1145 3518 cfr.

130 3523 219 3597 εἷςποι)
239 3544 309 3583 corr
324 3546 350 3583 v.
407 3534 472 3582 17.-
463 3525 659 3599 -νωνὴμῖν-
670 3526 714 3601 τό]
735 3548 784 3599 ev;
805 3547 884 3586 euan.
901 3532 934 3600 V,
954 3549 1011 3602 rep
1032 3551 1088 3603 mg.
1108 3554 1145 3590 m.
