2438 3892
368 192 586 245 conrooaun
604 192 713 242 urana
731 193 753 245 1.
1034 188 1076 252 19

12 354 16 359 '
123 343 167 405 sit
197 359 296 403 conus
325 336 474 418 obliquus
482 385 490 417 ,
523 335 613 398 cuius
641 337 754 398 uertex
782 334 825 397 sit
853 340 884 396 A
912 336 1076 415 punctum,

55 448 144 511 basis
173 449 280 512 autem
304 441 441 507 circulus
465 443 545 524 ΒΓ,
574 444 608 504 et
630 461 689 523 per
712 461 804 504 axem
830 442 957 503 secetur
979 439 1077 521 plano

404 546 445 611 ad
470 546 627 611 circulum
651 547 717 608 ΒΓ
739 544 1015 629 perpendiculari,
1046 547 1078 607 et

343 691 351 707 ι
403 651 467 717 hoc
506 651 682 716 sectionem
720 651 841 717 efficiat
875 651 1077 735 triangulum

403 760 508 821 ΑΒΓ
537 759 641 841 [prop.
670 755 743 837 ΙΙΙ]
793 758 859 821 iam
888 757 1077 822 etiamalio

213 942 220 957 Ι
356 923 358 925 ,
403 865 502 947 plano
532 867 658 928 secetur
687 864 727 927 ad
754 863 955 947 triangulum
980 866 1082 927 ΑΒΓ

198 961 343 1061 im„
404 970 672 1054 perpendiculari,
696 968 781 1054 quod
807 969 846 1033 ad
866 975 898 1033 A
920 971 1077 1054 punctum

248 1056 325 1113 ’κ’
337 1086 352 1128 ι’
405 1076 576 1140 abscindat
589 1076 879 1160 triangulumAK
886 1079 921 1138 H
936 1075 1077 1139 similem

403 1183 572 1265 triangulo
592 1186 700 1263 ΑΒΓ,
724 1181 779 1246 sed
800 1204 816 1246 e
837 1180 1000 1246 contrario
1019 1202 1078 1263 po-

405 1287 516 1370 situm,
539 1288 571 1353 h.
593 1309 619 1353 e.
642 1289 689 1352 ita
711 1291 749 1352 ut
773 1286 817 1352 sit

551 1400 573 1469 [
587 1400 619 1458 Α
625 1398 659 1458 Κ
663 1397 701 1457 Η
711 1424 754 1446 =
771 1397 914 1469 [ΑΒΓ.

55 1497 139 1561 etin
159 1498 329 1581 superficie
349 1499 471 1565 efficiat
497 1502 676 1565 sectionem
699 1499 821 1563 lineam
842 1502 957 1563 ΗΘΚ.
998 1498 1079 1581 dico,

54 1603 175 1668 lineam
194 1607 302 1669 ΗΘΚ
322 1606 478 1670 circulum
505 1628 586 1672 esse.

123 1715 294 1776 sumantur
317 1713 404 1777 enim
427 1713 461 1777 in
486 1714 582 1779 lineis
605 1717 644 1777 H
646 1717 721 1797 ΘΚ,
739 1716 806 1777 ΒΓ
825 1715 947 1796 puncta
970 1710 1080 1793 aliqua

54 1820 97 1899 Θ,
115 1819 160 1900 Λ,
188 1822 220 1882 et
249 1840 268 1882 a
294 1820 424 1902 punctis
448 1824 490 1904 Θ,
512 1823 543 1883 A
572 1819 771 1902 adplenum
796 1817 958 1903 trianguli
981 1819 1083 1881 ΑΒΓ

56 1923 336 2006 perpendiculares
359 1926 535 2010 ducantur;
560 1927 676 1991 cadent
699 1927 801 2011 igitur
826 1924 866 1989 ad
891 1946 1078 1989 communes

57 2030 218 2094 sectiones
254 2030 428 2115 planorum
468 2031 572 2113 [Eucl.
610 2032 658 2097 XI
694 2033 755 2097 def.
789 2033 834 2114 6].
889 2032 1006 2096 cadant
1042 2033 1079 2095 ut

56 2138 128 2219 ΖΘ,
142 2140 228 2202 AM.
258 2138 368 2221 itaque
383 2143 453 2222 ΖΘ,
467 2143 547 2204 AM
561 2139 735 2223 parallelae
750 2142 828 2203 sunt
845 2137 947 2215 [Eucl.
962 2137 1018 2220 XI,
1033 2137 1079 2217 6].

56 2242 194 2307 ducatur
212 2242 313 2328 igitur
331 2265 389 2328 per
403 2248 430 2307 Z
449 2249 556 2310 rectae
571 2248 638 2310 ΒΓ
648 2246 804 2329 parallela
819 2248 931 2308 AZE.
965 2265 1078 2308 uerum

56 2350 158 2414 etiarn
187 2352 250 2413 ze
277 2353 383 2415 rectae
407 2353 488 2416 AM
514 2352 674 2435 parallelo
702 2356 760 2416 est.
806 2352 915 2434 itaque
942 2350 1079 2432 planum

55 2459 219 2520 rectarum
229 2460 298 2540 ΖΘ,
309 2461 379 2520 ΛΕ
390 2457 463 2521 basi
478 2458 552 2522 coni
562 2458 754 2541 parallelum
765 2460 815 2521 est
828 2456 934 2536 [Eucl.
944 2453 1001 2537 XI,
1013 2453 1079 2534 15].

57 2583 157 2646 quare
176 2563 313 2627 circulus
333 2567 392 2646 est,
411 2563 501 2627 cuius
525 2563 703 2628 diametrus
724 2566 773 2626 est
793 2567 826 2626 A
833 2565 865 2625 E
884 2563 987 2643 [prop.
1007 2559 1079 2641 IV].

55 2667 168 2752 itaque
192 2673 241 2733 est
261 2668 366 2750 [Eucl.
386 2668 443 2752 VI,
463 2671 497 2751 8]
522 2675 555 2734 A
561 2675 587 2734 Z
602 2685 645 2738 ><
662 2673 725 2732 ΖΕ
739 2699 781 2723 =
797 2665 880 2732 W.
922 2671 954 2731 et
978 2689 1078 2750 quon-

55 2776 122 2838 iam
145 2778 227 2855 EA,
250 2778 316 2840 ΒΓ
334 2776 509 2859 parallelae
539 2781 627 2858 sunt,
651 2776 712 2839 erit
731 2778 875 2850 [ΑΔΕ
890 2804 928 2827 =
944 2777 1084 2848 [ΑΒΓ

57 2880 162 2962 [Eucl.
171 2880 196 2963 I,
204 2882 270 2962 29].
284 2903 398 2947 uerum
406 2882 648 2967 supposuimus,
658 2902 727 2946 esse
739 2887 800 2957 [Α
805 2885 839 2946 K
843 2885 883 2945 H
887 2911 928 2932 =
938 2886 998 2956 [Α
1003 2884 1078 2965 ΒΓ;

57 2989 156 3071 quare
181 2988 279 3051 etiam
301 2992 449 3063 [ΑΚΗ
460 3018 501 3042 =
520 2992 670 3064 [ΑΔΕ.
713 3010 825 3053 uerum
846 2988 947 3052 etiam
966 2988 1079 3072 anguli

57 3094 99 3157 ad
119 3096 147 3155 Z
168 3097 325 3175 punctum
349 3096 449 3178 positi
474 3096 626 3180 aequales
647 3099 722 3159 sunt
742 3095 848 3174 [Eucl.
866 3094 891 3175 I,
913 3093 978 3174 15].
1020 3094 1079 3156 ita-

57 3222 120 3286 que
145 3206 178 3264 A
184 3201 253 3263 ΖΗ
263 3215 310 3262 Ν
323 3203 357 3264 K
361 3204 431 3265 ZE.
480 3224 577 3285 quare
603 3200 707 3282 [Eucl.
726 3199 784 3283 VI,
802 3201 839 3281 4]

241 3385 243 3389 ¹
358 3311 777 3372 EZ:ZK=HZ:ZA.

57 3415 168 3497 itaque
206 3417 334 3480 EZ'><
361 3415 426 3475 ΖΑ
451 3444 491 3466 --
518 3417 584 3477 KZ
606 3429 650 3481 ><
674 3417 744 3477 ZH
779 3412 884 3494 [llucl.
918 3410 974 3495 VI,
1014 3413 1078 3492 17].

885 3620 925 3673 ‹2ss
