2438 3892
418 184 633 236 CONIOORUM
651 185 761 236 LIBER
779 185 800 236 Ι.
1076 183 1117 247 ῙΊ

101 327 250 392 concidit.
292 326 440 392 concidat
463 328 498 392 in
522 331 564 410 H,
588 331 621 392 et
644 349 701 412 per
726 332 791 393 ΑΖ
814 329 948 412 planum
973 327 1116 393 ducatur.

101 436 203 500 sectio
227 434 329 517 igitur
348 436 450 498 ΑΒΓ
465 434 649 517 triangulus
669 434 731 498 erit
750 434 855 518 [prop.
874 433 947 515 ΠΙ].
990 438 1023 498 εὴ
1042 457 1119 518 quo-

100 541 189 605 niam
217 543 340 624 puncta
364 545 410 624 A,
428 543 476 622 H,
495 543 528 603 Ε
552 541 586 603 in
610 541 707 623 plano
738 540 861 605 secanti
885 544 975 623 sunt,
1005 561 1119 605 uerum

101 647 200 710 etiam
227 647 261 710 in
289 646 386 729 plano
410 649 523 729 ΑΒΓ,
549 648 658 710 ΔΗΕ
679 649 768 710 recta
791 649 841 710 est
867 645 971 725 [Eucl.
994 645 1050 728 XI,
1074 647 1118 727 3l.

102 756 247 817 sumatur
273 752 377 838 igitur
403 752 439 816 in
466 751 553 817 linea
578 756 648 815 ΔΕ
672 755 830 836 punctum
859 752 992 837 aliquod
1017 756 1058 836 Θ,
1086 756 1119 818 εὴ

101 859 197 923 ducta
210 864 243 922 A
248 861 277 922 Θ
295 857 500 941 producatur.
534 858 681 922 concidet
698 858 799 943 igitur
817 881 890 924 oum
908 859 1034 923 ambitu
1048 862 1119 925 ΒΓ.

100 957 250 1029 concidat
272 964 307 1027 in
325 967 368 1048 K,
391 967 424 1028 εὴ
447 953 606 1029 ducantur
624 967 701 1042 ΗΘ,
716 967 790 1028 ΖΚ.
832 967 865 1028 εὴ
883 965 1035 1047 quoniam
1055 965 1118 1030 duo

98 1071 199 1154 plana
226 1070 387 1155 parallelo
412 1074 491 1153 ΔΕ,
510 1072 578 1134 ΒΓ
595 1071 693 1153 plano
718 1074 821 1135 ΑΒΓ
841 1074 1005 1155 secantur,
1034 1093 1119 1136 com-

99 1198 213 1240 munes
238 1197 350 1240 eorum
375 1176 532 1240 sectiones
556 1177 730 1259 parallelae
755 1181 831 1242 sunt
853 1177 958 1259 [Eucl.
976 1176 1032 1263 XI,
1053 1179 1119 1259 16].

98 1283 211 1365 itaque
236 1286 308 1346 ΛΕ
327 1285 433 1347 rectae
456 1284 523 1345 ΒΓ
541 1282 698 1365 parallelo
722 1286 781 1347 est
822 1283 934 1347 eadem
958 1285 997 1348 de
1021 1306 1118 1349 causa

100 1390 201 1453 etiam
215 1392 283 1452 ΗΘ
301 1392 408 1453 rectae
423 1393 489 1453 KZ
502 1389 661 1472 parallelo
675 1391 734 1453 est.
766 1389 877 1472 itaque
894 1388 997 1469 [Eucl.
1012 1388 1068 1472 Vl,
1082 1391 1116 1471 4]

99 1498 334 1558 ZA:AH=
355 1498 591 1559 ZB2AH=
612 1498 840 1559 zr2HE=
859 1498 1038 1559 ΖΚεΗΘ.
1087 1499 1119 1560 et

99 1602 161 1663 ΒΖ
181 1631 223 1654 --
243 1605 309 1665 ΚΖ
329 1632 370 1654 =
390 1604 459 1667 ΖΓ.
511 1622 610 1685 quare
638 1601 738 1665 etiam
766 1605 842 1665 ΔΗ
855 1631 896 1652 =
911 1603 979 1664 ΗΘ
994 1631 1035 1653 =
1050 1605 1121 1666 HE

101 1707 207 1786 [llucl.
235 1705 274 1791 V,
303 1709 346 1788 9].
397 1709 462 1773 iam
496 1709 647 1773 similiter
677 1708 986 1788 demonstrabimus,
1019 1709 1118 1773 etiam

100 1834 212 1878 omnes
236 1818 343 1879 rectas
367 1814 408 1878 ab
432 1817 471 1877 H
489 1818 610 1898 puncto
634 1815 675 1878 ad
698 1814 818 1879 lineam
839 1819 910 1878 ΔΕ
932 1814 1116 1879 adcidentes

99 1919 184 1983 inter
208 1941 242 1984 se
266 1920 416 2004 aequales
440 1941 519 1984 esse.

168 2046 245 2110 ergo
267 2026 355 2090 linea
375 2029 444 2090 ΔΕ
461 2027 599 2091 circulus
619 2030 670 2091 est
688 2031 834 2092 centrum
853 2028 888 2091 in
907 2049 966 2091 axe
984 2027 1116 2091 habens.

167 2134 201 2194 et
228 2131 436 2196 manifestum
462 2135 526 2216 est,
552 2132 691 2217 figuram
715 2133 834 2199 circulo
859 2136 984 2197 ΔΕεὴ
1007 2155 1117 2216 super-

98 2237 171 2301 ficie
186 2238 300 2303 conica
315 2238 355 2302 ab
372 2260 410 2304 eo
430 2237 558 2303 abscisa
574 2239 614 2302 ad
629 2246 661 2302 A
679 2243 835 2322 punctum
850 2239 1116 2322 comprehensam

99 2367 217 2409 conum
241 2366 321 2410 esse.

168 2455 201 2516 et
225 2451 322 2516 simul
345 2450 604 2514 demonstratum
629 2454 687 2534 est,
714 2452 890 2516 sectionem
915 2473 1116 2516 communem

97 2558 188 2643 plani
213 2557 353 2622 secantis
376 2556 596 2641 triangulique
615 2579 673 2640 per
692 2579 786 2621 axem
804 2558 904 2640 positi
924 2557 1117 2622 diametrum

98 2664 210 2729 circuli
236 2685 316 2728 esse.

589 2837 627 2902 V.

167 2979 201 3044 si
231 3001 331 3044 conus
356 2982 507 3066 obliquus
531 3002 589 3065 per
612 3002 706 3046 axem
728 2981 828 3065 plano
853 2982 893 3047 ad
917 2983 1022 3049 basim
1045 3006 1117 3067 pcr-

97 3086 299 3172 pendiculari
331 3091 459 3153 secatur
491 3091 523 3152 et
558 3089 653 3153 simul
687 3087 751 3152 alio
784 3089 884 3172 plano
918 3093 1047 3154 secatur
1077 3090 1118 3154 ad

98 3191 303 3276 triangulum
326 3215 385 3276 per
406 3216 499 3258 axem
517 3195 661 3278 positum
680 3195 948 3279 perpendiculari,
972 3197 1055 3280 quod
1076 3196 1117 3259 ad

98 3299 256 3364 uerticem
294 3299 494 3383 triangulum
531 3301 701 3366 abscindat
735 3302 900 3386 triangulo
932 3324 990 3386 per
1024 3324 1117 3367 axem

97 3406 207 3490 posito
232 3404 382 3488 similem,
405 3405 461 3470 sed
485 3427 501 3469 e
525 3408 688 3473 contrario
713 3408 866 3493 positum,
891 3409 990 3473 sectio
1016 3410 1117 3474 circu·

97 3513 149 3577 lus
173 3511 248 3594 erit3
273 3511 453 3596 adpelletur
477 3517 585 3577 autem
608 3515 684 3578 talis
708 3515 809 3579 sectio
834 3516 1004 3580 contraria.

151 3623 345 3678 Apollonius,
361 3625 395 3667 ed
409 3626 519 3676 Helberg.
944 3624 966 3670 (ζ
