2438 3892
128 159 171 223 30
524 156 691 211 Καυεκαα
710 151 751 212 α’.

127 298 199 367 κατ’
222 297 360 367 εὐθεῖαν
383 297 467 387 πρὸς
492 296 599 388 ὀρθὰς
623 290 730 366 οὐσαν
748 300 789 385 τῇ
807 295 908 382 βάσει
928 303 999 368 τοῦ
1021 299 1084 369 διὰ
1100 313 1155 370 τοῦ

128 404 247 487 ἄξονος
268 401 448 490 τριγώνου,
473 401 493 490 ή
518 404 556 471 δέ
580 402 756 492 διάμετρος
773 406 832 490 τής
849 407 1048 493 γινομένης
1068 411 1106 476 ἐν
1121 411 1155 496 τῇ

128 499 306 601 ἐπιφανείᾳ
328 515 433 597 τομῆς
455 508 530 596 ήτοι
552 507 642 594 παρὰ
666 515 747 596 μίαν
768 502 789 598 ή
807 512 875 576 των
893 515 963 578 τοῦ
982 513 1155 600 τριγώνου

126 623 281 707 πλευρῶν
314 614 335 704 ή
369 621 537 703 συμπίπτῃ
570 613 654 704 αὐτῇ
688 615 782 695 ἐκτὸς
810 617 868 700 τῆς
898 631 1070 708 κορυφῆς
1100 624 1154 690 τοῦ

92 745 107 794 5
126 725 250 810 κώνου,
273 723 559 811 προσεκβοίλληται
584 723 621 789 δὲ
644 721 667 808 ή
690 749 725 789 τε
747 732 808 790 τοῦ
830 721 947 790 κώνου
967 726 1152 815 ἐπιφαίνειν

126 834 181 900 καὶ
204 831 242 899 τὸ
265 833 389 917 τέμνον
413 832 570 898 ἐπίπεδον
590 834 641 908 ἐίς
664 827 822 917 ἄπειρον,
848 828 904 895 καὶ
934 826 957 914 ή
987 834 1083 922 τομὴ
1110 840 1152 916 είς

99 944 102 949 ’
126 938 267 1022 ἄπειρον
287 935 524 1022 αὐξηθήσεται,
542 937 598 1003 καὶ
618 933 682 1004 ὐπὸ
698 940 756 1022 τής
771 937 955 1022 διαμέτρου
969 942 1036 1025 τῆς
1053 944 1150 1029 τομῆς

76 1049 79 1055 ’
125 1043 210 1128 πρὸς
237 1048 276 1132 τή
304 1047 437 1130 κορυφῇ
465 1042 554 1131 πίση
582 1047 621 1131 τῇ
650 1047 792 1131 δοθείση
816 1041 937 1132 εὐθείᾳ
963 1052 1052 1133 ίσην
1077 1045 1151 1115 ὐπο-

126 1151 269 1238 λήψεταί
288 1175 339 1228 τις
362 1149 479 1215 εὐθεῖα
498 1147 645 1235 ἀγομένη
665 1146 727 1217 dm*
749 1152 809 1235 τής
825 1152 888 1218 τοῦ
905 1149 1031 1219 κώνου
1050 1157 1148 1241 τομῆς

72 1276 106 1325 10
126 1255 215 1343 παρὰ
238 1254 301 1342 τήν
327 1258 363 1324 ἐν
386 1260 425 1344 τή
449 1253 545 1340 βάσει
568 1259 629 1323 τοῦ
654 1253 768 1323 κώνου
791 1252 940 1324 εὐθεῖαν.

193 1367 276 1431 ἐστω
299 1366 418 1449 κώνος,
443 1353 484 1430 οὗ
506 1360 639 1447 κορυφή
664 1361 725 1449 μὲν
748 1360 786 1429 τὸ
810 1370 842 1429 Α
866 1376 1029 1451 σημεῖον,
1055 1365 1146 1452 βάσις

126 1469 164 1537 δὲ
179 1466 196 1537 ὁ
212 1477 278 1537 ΒΓ
292 1468 425 1556 κύκλος,
444 1470 499 1537 καὶ
513 1467 689 1555 τετμήσθω
705 1471 849 1559 ἐπιπέδῳ
864 1464 920 1535 διὰ
935 1473 999 1537 τοῦ
1016 1469 1145 1554 ἄξονος,

124 1577 180 1644 καὶ
203 1581 339 1644 ποιείτω
368 1576 475 1663 τομήν
502 1574 540 1643 τὸ
565 1581 668 1642 ΑΒΓ
692 1582 872 1664 τρίγωνον·
902 1576 1090 1662 τετμήσθω
1112 1577 1145 1645 δὲ

124 1683 180 1748 καὶ
215 1682 315 1771 ἑτέρω
349 1684 493 1772 ἐπιπέδῳ
530 1682 685 1768 τέμνοντι
718 1679 779 1749 τὸν
811 1687 878 1748 ΒΓ
909 1681 1043 1752 κύκλον
1076 1682 1143 1752 κατ’

73 1808 106 1856 15
126 1785 266 1854 εὐθεῖαν
280 1785 343 1873 τήν
358 1794 430 1853 ΛΕ
446 1786 530 1875 πρὸς
545 1786 654 1876 ὀρθὰς
669 1780 776 1856 οὐσαν
790 1792 830 1876 τῇ
845 1792 916 1872 ΒΓ,
935 1788 994 1855 καὶ
1009 1797 1144 1860 ποιείτω

124 1890 233 1978 τομήν
257 1895 294 1960 ἐν
312 1897 352 1980 τῇ
373 1895 551 1984 ἐπιφανείᾳ
568 1892 631 1980 τήν
652 1903 685 1961 Λ
692 1902 756 1962 ΖΕ
776 1893 948 1983 γραμμήν·
974 1892 995 1981 ἡ
1019 1897 1062 1965 δὲ
1081 1896 1147 1966 διώ·

125 2023 243 2085 μετρος
265 2003 324 2085 τής
343 2007 447 2067 ΔΖΕ
466 2004 569 2086 τομής
592 1998 612 2087 ή
634 2008 706 2068 ΖΗ
724 2000 798 2087 ήτοι
822 2001 1041 2089 παράλληλος
1066 2009 1145 2073 ἔστω

124 2108 164 2193 τῇ
190 2100 298 2190 ΑΓή
322 2107 547 2193 ἐκβαλλομένη
572 2109 782 2194 συμπιπτέτω
807 2104 890 2194 αὐτῇ
914 2105 1010 2187 ἐκτὸς
1035 2115 1147 2178 τούΑ

125 2216 275 2297 σημείου.
312 2214 408 2297 λέγω,
429 2209 481 2280 ὅτι
499 2217 565 2299 καί,
585 2211 644 2280 ἐὰν
663 2212 685 2299 ή
704 2239 738 2280 τε
757 2216 818 2280 τοῦ
836 2213 950 2281 κώνου
965 2214 1147 2302 ἐπιφάνεια

72 2339 109 2388 20
129 2318 184 2385 καὶ
207 2317 245 2385 τὸ
268 2318 391 2405 τέμνον
415 2321 572 2387 ἐπίπεδον
592 2319 789 2405 ἐκβάλληται
809 2324 855 2399 είς
873 2317 1028 2406 ἄπειρον,
1054 2320 1147 2409 καλή

127 2432 230 2492 ΔΖΕ
249 2424 334 2511 τομή
359 2430 406 2505 εἰς
428 2423 568 2514 ἄπειρον
593 2424 830 2512 αὐξηθήσεται.

194 2531 408 2618 ἐκβεβλήσθω
432 2531 497 2621 γὰρ
520 2530 542 2620 ή
565 2559 599 2599 τε
618 2537 679 2600 τοῦ
697 2530 811 2600 κώνου
830 2531 1009 2618 ἐπιφάνεια
1029 2537 1090 2603 καὶ
1111 2563 1145 2605 το

125 2640 247 2723 τέμνον
268 2641 438 2706 ἐπίπεδον·
462 2637 612 2725 φανερὸν
633 2641 686 2725 δή,
706 2637 757 2708 ὅτι
771 2640 825 2706 καὶ
841 2641 878 2705 αί
890 2647 922 2706 A
928 2645 967 2722 Β,
983 2647 1065 2727 ΛΓ,
1082 2650 1147 2711 ΖΗ

126 2743 468 2829 συνεκβληθήσονται.
506 2746 576 2812 ἐπεὶ
599 2742 618 2831 ή
641 2752 713 2812 ΖΗ
731 2749 770 2833 τή
790 2749 859 2811 ΑΓ
876 2741 951 2831 ήτοι
974 2751 1145 2835 παράλλη-

72 2869 107 2918 25
127 2846 185 2926 λός
208 2850 298 2915 ἐστιν
322 2844 342 2935 ή
367 2852 592 2937 ἐκβαλλομένη
617 2856 793 2937 συμπίπτει
818 2847 901 2937 αὐτή
922 2848 1018 2929 ἐκτὸς
1036 2859 1103 2923 τοῦ
1118 2864 1147 2922 Α

126 2958 277 3039 σημείου,
297 2956 334 3020 αί
347 2963 424 3041 ΖΗ,
440 2965 472 3024 A
478 2963 510 3022 Γ
523 2955 589 3045 ἄρα
608 2955 848 3043 ἐκβαλλόμεναι
869 2953 913 3035 ώς
932 2956 984 3022 ἐπὶ
999 2957 1040 3025 τὰ
1058 2967 1100 3048 Γ,
1115 2967 1149 3029 Η

127 3059 209 3144 μέρη
230 3056 389 3128 οὐδέποτε
404 3067 661 3149 συμπεσοῦνται.
696 3062 977 3149 ἐκβεβλήσθωσαν
993 3056 1073 3151 οὐν,
1092 3068 1146 3135 καὶ

127 3166 280 3251 είλήφθω
304 3192 335 3232 τι
360 3181 498 3254 σημεῖον
522 3169 575 3235 ἐπὶ
597 3172 655 3255 τῆς
675 3174 746 3235 ΖΗ
765 3167 867 3256 τυχὸν
890 3168 926 3237 τὸ
949 3175 987 3253 Θ,
1012 3173 1073 3239 καὶ
1091 3172 1145 3241 διδ

198 3367 222 3414 4.
244 3361 399 3486 συμπίπτήῙ]
414 3381 446 3431 p;
466 3364 616 3431 συμπίπτει
631 3363 664 3416 V.
719 3369 743 3418 ὁ.
759 3382 862 3433 προσεκ
883 3360 1011 3433 ίλληται]
1028 3367 1144 3438 scripsi3

127 3433 353 3506 προσεκβαλήται

219 3505 276 3558 ην
465 3439 508 3488 20.
528 3429 680 3506 ἐκβαλήται
698 3434 732 3501 V,
753 3450 822 3491 corr.
869 3435 950 3502 alley.
1017 3440 1061 3492 28.
1083 3440 1145 3513 τῆς]

127 3520 178 3574 cp;
198 3524 230 3575 τη
278 3545 283 3558 .
