2438 3892
416 126 631 180 courcoauu
648 128 759 179 amaa
775 129 797 180 1.
1052 126 1114 192 145

97 272 158 355 est,
171 272 396 355 pentagonum
413 272 607 335 ONZKM.
635 270 697 333 erit
710 269 812 355 igitur
828 272 940 335 OMH
951 301 992 324 =
1002 271 1114 365 ΝΞΟ.

96 378 131 441 et
147 378 231 441 ΜΗ
252 379 360 442 rectae
378 374 450 449 Na
469 376 626 460 parallela
649 379 711 462 est3
736 397 814 461 ergo
834 381 884 441 est
902 378 941 440 N
943 379 972 440 0
988 407 1029 429 ==
1046 381 1118 442 OH

98 480 204 565 [Ilucl.
223 480 282 568 VI,
301 482 344 548 22
368 483 503 563 coroll.].

532 763 682 830 XLVIII.

168 904 205 973 si
232 908 321 972 recta
348 906 542 971 alterutram
570 906 797 991 oppositarum
826 907 1018 992 contingens
1043 929 1115 972 cum

97 1014 259 1081 diametro
279 1012 452 1097 concurrit,
471 1016 503 1077 et
520 1034 578 1096 per
596 1016 753 1097 punctum
772 1016 941 1078 contactus
956 1017 1115 1079 centrum-

97 1142 161 1208 que
183 1118 344 1205 producte
365 1122 454 1185 recta
478 1121 614 1185 alteram
638 1120 817 1184 sectionem
836 1123 934 1206 secet,
957 1141 1117 1205 quaecun-

97 1248 162 1313 que
188 1229 279 1291 recta
305 1225 342 1290 in
370 1225 474 1289 altera
496 1225 638 1290 sectione
663 1224 791 1290 ducitur
814 1226 1020 1310 contingenti
1042 1248 1116 1311 par-

98 1331 213 1417 allela,
239 1354 260 1397 a
288 1334 378 1397 recta
406 1330 464 1395 illa
486 1329 644 1415 producte
666 1330 703 1394 in
726 1329 807 1395 dues
829 1333 941 1415 partes
965 1332 1115 1417 aequales

98 1437 272 1505 secabitur.

166 1544 233 1610 sirrt
251 1543 433 1628 oppositae,
455 1564 592 1626 quarum
612 1542 789 1606 diametrus
808 1543 853 1606 sit
872 1546 949 1627 AB,
971 1545 1117 1607 centrum

97 1655 211 1718 autem
233 1653 277 1734 Γ,
304 1652 338 1714 et
360 1647 537 1714 sectionem
561 1652 593 1711 A
616 1648 785 1732 continget
808 1648 889 1731 KA,
918 1645 1117 1731 duceturque

96 1760 168 1825 ΛΓ
188 1760 222 1822 et
243 1754 450 1842 producatur,
472 1754 507 1819 in
529 1756 558 1818 Β
582 1756 692 1819 autem
716 1753 856 1818 sectione
880 1756 1037 1837 punctum
1060 1753 1118 1818 eli·

98 1864 187 1952 quod
210 1865 358 1929 sumatur
376 1863 420 1945 N,
444 1864 477 1926 et
498 1883 557 1945 per
574 1864 614 1924 N
630 1863 737 1925 rectae
756 1863 828 1924 ΛΚ
844 1861 1003 1945 parallelo
1022 1861 1117 1927 duce·

98 1974 157 2037 tur
178 1972 263 2037 NH.
308 1969 394 2048 dico,
417 1989 489 2033 esse
512 1970 639 2031 NO=
656 1970 733 2032 OH.

166 2077 305 2143 ducatur
339 2076 424 2141 enim
456 2095 515 2158 per
541 2078 574 2139 Ε
604 2074 780 2139 sectionem
813 2074 1008 2160 contingens
1035 2077 1115 2157 ΕΔ,

99 2185 172 2251 ΕΔ
199 2182 302 2269 igitur
329 2185 437 2247 rectae
466 2183 537 2244 ΛΚ
561 2179 721 2264 parallelo
750 2184 799 2245 est
829 2184 874 2263 [u.
897 2179 1053 2245 Eutocius
1077 2180 1118 2244 ed

689 2309 780 2371 prop.
817 2285 952 2366 XLIV}
1018 2307 1118 2370 quare

690 2393 789 2458 etiam
803 2396 912 2456 rectae
924 2393 1004 2455 NH
1015 2390 1118 2470 [Eucl.

690 2498 716 2580 Ι,
733 2499 801 2578 30].
844 2496 998 2581 quoniam
1017 2494 1120 2580 igitur

690 2608 766 2668 BN
769 2607 809 2667 H
837 2602 1019 2686 hyperbole
1055 2604 1119 2686 est,

691 2711 782 2775 cuius
801 2712 948 2774 centrum
967 2712 1016 2773 est
1032 2710 1069 2793 Γ,
1087 2710 1120 2773 et

691 2815 853 2900 contingit
869 2818 946 2900 ΛΕ,
970 2819 1003 2880 et
1022 2814 1118 2880 ducta

691 2926 741 2988 est
777 2925 860 3006 ΓΕ,
905 2921 939 2985 in
977 2921 1118 2986 sectione

691 3033 800 3095 autem
853 3031 1019 3112 sumptum
1069 3032 1119 3093 est

99 3146 259 3233 punctum
278 3146 327 3226 N,
355 3143 388 3206 et
413 3161 471 3225 per
493 3138 527 3204 id
549 3141 657 3203 rectae
677 3141 747 3201 ΔΕ
767 3135 927 3220 parallelo
949 3134 1045 3199 ducta
1069 3135 1118 3197 est

100 3254 190 3337 NH,
222 3250 359 3336 propter
385 3247 434 3326 id,
468 3243 554 3330 quod
582 3244 620 3309 de
648 3243 832 3329 hyperbole
864 3244 961 3307 antee
988 3241 1117 3306 demon-

102 3360 245 3425 stratum
269 3357 319 3421 est
344 3358 450 3440 [prop.
469 3350 622 3436 XLVII],
644 3352 706 3416 erit
729 3354 767 3414 N
770 3353 799 3413 0
813 3379 855 3402 =
873 3352 949 3415 OH.

155 3575 349 3630 Apollonius,
363 3575 398 3617 ed
413 3575 522 3626 Helberg.
926 3560 959 3609 10
