2438 3892
127 144 171 208 94
523 144 691 198 mmm
709 139 748 198 α’.

115 370 122 377 „
193 290 224 354 εί
250 285 316 374 γὰρ
345 285 507 375 δυνατόν,
541 284 634 367 ἐκτὸς
661 287 803 354 πιπτέτω
831 290 890 373 τῆς
917 290 1020 375 τομῆς
1048 314 1093 367 ως
1119 287 1140 372 τ’·

125 398 241 480 ΓΔΕ,
269 394 325 461 καὶ
353 390 417 462 ιἰπὸ
445 393 606 483 τυχόντος
632 400 773 480 σημείου
799 397 861 461 ’τοῦ
885 402 917 462 Ε
937 395 1142 481 τεταγμένως

125 499 281 587 κατῆχθω
309 501 329 588 ῆ
354 508 436 588 ΕΗ,
463 502 518 569 καὶ
545 501 566 588 ῆ
591 507 679 595 ΑΘ,
701 500 756 567 καὶ
784 504 867 568 ἔστω
895 500 1062 590 πρότερον
1086 509 1140 587 ίση

125 607 238 694 ῆΑΓ
255 612 294 697 τῆ
318 615 388 677 ΓΒ.
424 609 480 676 καὶ
503 608 572 676 ἐπεὶ
595 605 633 676 τὸ
656 605 721 675 ιἰττὸ
740 614 815 674 ΕΗ
832 606 916 695 πρὸς
933 605 972 676 τὸ
991 604 1057 675 ἀπὸ
1075 614 1142 674 ΔΘ

90 735 106 786 σ
124 717 258 800 μείζονα
276 715 380 802 λόγον
399 720 465 802 ἔχει
484 713 567 802 ῆπερ
585 713 623 782 τὸ
642 712 707 783 ἀπὸ
728 720 801 781 ΖΗ
813 712 896 802 πρὸς
914 713 951 783 τὸ
972 713 1038 783 ἀπὸ
1060 723 1093 781 Δ
1100 720 1140 799 Θ,

127 817 200 889 ἀλλ’
223 823 268 901 ὡς
291 821 352 909 μὲν
374 820 411 889 τί,
437 819 500 889 ἀπὸ
520 825 593 889 ΕΗ
614 819 697 907 πρὸς
720 821 757 889 τὸ
778 818 847 889 ἰἰττὸ
867 829 948 904 ΛΘ,
974 821 1081 901 οὕτως
1103 818 1139 887 τὸ

126 925 191 997 ιἰπό
216 934 288 996 ΗΓ
309 927 393 1016 πρὸς
419 926 456 997 τό
486 925 550 997 τἰπὸ
574 934 635 996 ΓΘ
663 927 718 995 διὰ
746 927 785 997 τό
815 928 1031 1016 παράλληλον
1055 927 1141 996 εἶναι

124 1033 187 1122 τῆν
205 1043 279 1103 ΕΗ
296 1039 337 1124 τῆ
356 1042 435 1122 ΛΘ,
459 1031 504 1116 ὡς
527 1034 565 1103 δέ
586 1033 624 1103 τὸ
644 1032 708 1102 ιἰπὸ
730 1041 802 1102 ΖΗ
815 1033 897 1122 πρὸς
915 1035 953 1103 τὸ
974 1033 1039 1105 ἀπὸ
1059 1040 1140 1118 ΑΘ,

126 1139 232 1222 οὕτως
249 1141 287 1210 τὸ
308 1141 374 1210 ὑπὸ
389 1150 494 1211 ΑΗΒ
512 1140 595 1230 πρὸς
612 1138 649 1210 τὸ
668 1140 735 1210 ὑπὸ
751 1149 851 1211 ΑΘΒ
870 1140 926 1210 διδι
944 1139 1007 1229 τῆν
1023 1141 1139 1230 τομῆν,

74 1273 107 1323 10
125 1245 163 1316 τὸ
187 1246 253 1337 όίρα
276 1245 342 1317 ἀπὸ
362 1256 433 1317 ΗΓ
452 1248 534 1337 πρὸς
556 1248 594 1318 τὸ
618 1245 683 1318 ιἰπὸ
703 1255 765 1317 ΓΘ
788 1255 923 1337 μείζονα
946 1248 1051 1335 λόγον
1075 1255 1139 1337 ἔχει

124 1352 207 1442 ῆπερ
230 1353 267 1424 τὸ
291 1382 356 1425 οπο
381 1363 487 1426 ΑΗΒ
509 1354 592 1444 πρὸς
614 1353 652 1424 τὸ
675 1353 742 1424 ὑπὸ
762 1363 869 1424 ΑΘΒ.
910 1353 1051 1438 ἐναλλὰξ
1075 1354 1139 1442 ἄρα

123 1460 161 1530 τὸ
189 1459 253 1532 ἀπὸ
281 1470 353 1532 ΓΗ
375 1463 457 1553 πρὸς
484 1463 521 1532 τὸ
549 1460 615 1531 ὑπὸ
644 1469 751 1530 ΑΗΒ
780 1468 915 1548 μείζονα
942 1461 1047 1548 λόγον
1075 1467 1140 1551 ἔχει

123 1569 206 1657 ῆπερ
234 1567 271 1638 τὸ
300 1568 365 1639 ἀπὸ
395 1576 455 1638 ΓΘ
481 1568 564 1658 πρὸς
591 1566 629 1637 τό
656 1565 720 1636 ὑπὸ
745 1576 854 1637 ΑΘΒ.
901 1567 1048 1637 διελόντι
1075 1566 1139 1657 ἄρα

123 1674 161 1744 τὸ
195 1674 260 1744 ιἰπὸ
288 1683 349 1745 ΓΒ
377 1675 461 1764 πρὸς
486 1673 525 1744 τὸ
553 1673 618 1743 ὑπὸ
647 1682 751 1743 ΑΗΒ
780 1681 915 1762 μείζονα
942 1674 1047 1761 λόγον
1076 1681 1138 1762 ἔχει

72 1776 105 1856 ιε
123 1779 208 1868 ῆπεο
231 1780 269 1849 τὸ
292 1778 357 1850 ἀπὸ
377 1787 437 1849 ΓΒ
461 1781 544 1870 πρὸς
566 1780 603 1849 τό
623 1779 689 1850 ὑπὸ
708 1789 821 1850 ΑΘΒ·
859 1780 939 1870 ὅπερ
956 1780 1139 1851 οἰδόνατον.

125 1886 187 1954 οὐκ
220 1885 286 1974 ἄρα
317 1885 338 1975 ῆ
367 1894 471 1956 ΓΔΕ
501 1886 593 1968 έκτός
619 1902 766 1957 πεσεῖται
793 1892 852 1975 τῆς
879 1891 994 1974 τομῆς·
1045 1888 1139 1968 ἐντὸς

113 1990 199 2081 όλμα.
249 1994 304 2061 καί
337 1993 393 2062 διὰ
424 1999 525 2063 τοῦτο
553 1992 573 2082 ῆ
602 1994 669 2063 ολπό
695 2022 787 2075 τινος
814 1999 882 2064 των
911 1995 962 2063 ἐπὶ
990 2006 1049 2082 τῆς
1075 2001 1142 2064 ΑΓ

125 2103 271 2186 σημείων
293 2109 405 2192 πολλῷ
429 2105 558 2188 μᾶλλον
577 2100 677 2190 1ἐντὸς
695 2116 852 2188 πεσεῖται,
878 2100 989 2188 έπειδῆ
1009 2104 1139 2190 καὶτῆς

124 2213 190 2274 ΓΔ
213 2206 308 2287 ἐντὸς
330 2221 483 2276 πεσεῖται.

72 2357 106 2405 ιο
384 2400 389 2410 ,
600 2331 662 2418 λβ’.

187 2455 266 2526 Ἐὰν
293 2460 406 2527 κοίνου
432 2461 536 2544 τομῆς
563 2455 620 2524 διὰ
646 2468 704 2545 τῆς
731 2461 882 2545 κορυφῆς
909 2456 1026 2525 εὐθεῖα
1049 2458 1136 2547 παρὰ

124 2566 328 2652 τεταγμένως
359 2567 569 2652 κατηγμένην
597 2560 702 2653 ἆχθῆ,
735 2564 912 2651 ἐφάπτεται
939 2568 998 2649 τῆς
1024 2571 1137 2653 τομῆς,

123 2671 179 2738 καὶ
202 2676 249 2752 είς
272 2670 332 2740 τὸν
355 2670 476 2759 μεταξὺ
498 2671 602 2740 τόπον
625 2675 684 2758 τῆς
701 2698 736 2739 τε
755 2670 870 2740 κοίνου
888 2676 990 2758 τομῆς
1008 2673 1063 2738 καὶ
1082 2676 1139 2759 τῆς

124 2773 258 2857 εὐθείας
281 2779 376 2865 ἑτέρα
399 2775 516 2846 εὐθεῖα
541 2777 578 2846 ου’
604 2791 866 2865 παρεμπεσεῖται.

71 2906 105 2955 25
192 2888 274 2964 ἔστω
292 2884 406 2952 κοτ’νου
423 2884 507 2972 τομῆ
525 2884 690 2973 πρότερον
709 2882 729 2970 ῆ
748 2886 937 2970 καλουμένη
953 2882 1137 2972 παραβολή,

124 2978 163 3074 ῆς
187 2991 362 3077 διάμετρος
385 2988 405 3076 ῆ
430 2998 510 3076 ΑΒ,
538 2991 592 3058 καὶ
616 2988 681 3057 ἀπὸ
705 2992 766 3057 τοῦ
790 2999 822 3057 Α
844 2993 1148 3078 παρατεταγμένως·

124 3092 218 3182 ῆχθω
243 3092 264 3181 ῆ
287 3104 319 3161 Α
325 3101 360 3163 Γ.

190 3199 241 3268 ότι
274 3201 336 3286 μὲν
370 3193 432 3269 οὖν
465 3202 557 3281 ἐκτὸς
589 3209 698 3271 πίπτει
729 3205 787 3288 τῆς
813 3206 897 3289 τομίΙ
900 3229 930 3288 ς,
965 3206 1137 3272 δέδεικται.

195 3367 220 3418 5.
239 3356 310 3432 όπό]
331 3360 403 3430 (alt.)
423 3377 476 3415 om.
495 3361 533 3429 V;
558 3379 628 3420 corr.
647 3381 674 3433 p.
766 3371 791 3420 9.
814 3364 915 3434 ΑΗΒ]
936 3380 963 3433 ο,
991 3367 1013 3416 B
1033 3381 1048 3417 e
1068 3382 1135 3420 corr.

122 3433 248 3488 m.1V.
331 3439 373 3487 11.
392 3428 438 3504 τό]
459 3436 522 3502 (pr.)
542 3433 574 3488 τὸ
593 3431 664 3506 ὑπὲρ
683 3431 715 3489 τό
734 3435 771 3502 V3
801 3451 871 3489 corr.
890 3453 916 3504 p.
999 3437 1093 3507 ΑΘΒ]
1112 3453 1134 3503 ο,

124 3502 413 3561 Becorr.m.lV.
487 3509 528 3562 20.
548 3503 607 3579 λβΊ
627 3525 655 3576 p,
674 3522 728 3560 om.
747 3507 782 3575 V,
801 3513 918 3562 m.2v.
