2438 3892
416 139 631 194 oonrconuu
647 142 756 193 aman
772 143 808 195 11.
875 112 878 117 ’
1048 144 1115 209 225

96 288 166 351 ΕΖ
183 306 257 351 cum
271 286 408 369 ubsque
425 286 502 362 ΗΘ,
516 287 586 349 ΚΛ
604 284 767 351 concurrit
785 286 892 371 [prop.
904 285 977 368 Ill].
1014 292 1114 355 mani-

99 393 224 459 festum
245 391 356 477 igitur,
378 412 451 456 eam
469 391 568 457 etiam
586 412 658 457 cum
678 392 874 457 sectionibus
893 399 933 477 A,
951 397 980 458 B
998 395 1031 460 in
1050 418 1113 462 uno

98 500 173 567 solo
195 501 316 583 puncto
339 519 528 563 concurrere
553 500 658 582 [prop.
677 497 780 579 XVIJ.

567 675 654 740 XIX.

170 800 204 869 Si
241 803 276 868 in
315 801 474 887 oppositis
512 802 695 888 coniugatis
726 806 816 866 recta
848 803 956 887 aliqua
988 803 1115 870 ducitur

100 908 283 995 quamlibet
301 909 480 974 sectionum
499 909 701 993 contingens,
720 930 792 974 cum
814 910 1011 999 sectioqibus
1026 911 1113 975 dein·

98 1038 177 1102 ceps
199 1015 316 1101 positis
340 1018 507 1080 concurret
529 1018 562 1079 et
584 1015 617 1078 in
640 1019 760 1099 puncto
784 1019 953 1081 contactus
976 1016 1113 1084 induas

100 1126 212 1207 partes
235 1123 384 1206 aequales
409 1121 576 1186 secabitur.

168 1229 236 1295 sint
253 1233 295 1313 A,
312 1231 350 1313 B,
369 1230 405 1306 Γ,
423 1232 458 1292 Δ
476 1228 644 1312 oppositae
663 1229 864 1313 coniugatae‚
887 1234 919 1295 et
937 1233 1114 1297 sectionem

101 1339 135 1401 Γ
153 1335 321 1421 contingat
342 1338 433 1400 recta
455 1333 565 1418 aliqua
587 1337 690 1399 ΕΓΖ.
727 1335 808 1419 dico,
831 1357 903 1400 eam
923 1339 1114 1421 productam

99 1464 175 1509 cum
208 1441 406 1507 sectionibus
432 1446 477 1525 A,
500 1444 529 1504 Β
562 1461 752 1505 concurrere
784 1446 817 1506 et
848 1443 883 1506 in
915 1446 947 1507 Γ
969 1443 1004 1508 in
1034 1445 1114 1510 duas

100 1551 212 1633 partes
234 1548 386 1631 aequales
411 1547 521 1611 secari.

168 1655 234 1719 iam
258 1676 329 1719 eam
353 1675 425 1718 cum
450 1653 647 1720 sectionibus
671 1661 712 1738 A,
734 1658 763 1720 Β
787 1677 990 1743 concurrere,
1013 1659 1115 1723 mani·

104 1759 228 1825 festum
253 1762 304 1824 est
328 1761 432 1844 [prop.
456 1758 593 1841 XVHI].
638 1764 808 1826 concurrat
830 1762 865 1827 in
887 1766 936 1846 H,
957 1768 994 1830 Θ.

171 1867 257 1951 dico,
279 1887 350 1931 esse
375 1868 443 1931 ΓΗ
456 1896 499 1919 =
513 1868 582 1931 ΓΘ.

168 1972 327 2039 ducantur
359 1973 445 2037 enim
476 1977 678 2057 asymptotae
711 1976 891 2041 sectionum
922 1982 1004 2063 KA,
1028 1984 1115 2045 MN.

99 2080 211 2165 itaque
235 2082 306 2144 ΕΗ
318 2110 361 2133 =
377 2083 438 2143 ΖΘ
462 2082 565 2163 [prop.
583 2079 686 2165 XVI],
710 2084 774 2147 PE
786 2113 828 2136 =
843 2087 903 2149 ΓΖ
927 2087 1033 2171 [prop.
1051 2086 1113 2168 III]

98 2191 136 2253 et
156 2188 232 2251 ΓΗ
240 2217 283 2238 =
297 2188 366 2251 ro.
433 2222 436 2229 ·

573 2294 642 2359 XX.
768 2317 772 2323 ·

169 2416 204 2483 Si
222 2420 310 2483 recta
328 2440 425 2483 unam
445 2419 669 2502 oppositarum
684 2422 932 2506 coniugatorum
945 2422 1115 2506 contingit,

98 2528 136 2590 ct
156 2546 216 2609 per
243 2527 388 2589 centrum
412 2547 522 2590 earum
546 2526 627 2590 duae
649 2530 754 2591 rectae
778 2526 949 2609 ducuntur,
978 2548 1114 2610 quarum

99 2632 206 2697 altera
245 2653 304 2715 per
343 2635 497 2716 punctum
540 2637 725 2716 contactus,
768 2633 872 2697 altera
912 2633 1115 2717 contingenti

99 2738 260 2824 parallela
296 2741 363 2822 est,
399 2738 475 2803 dum
513 2760 584 2803 cum
619 2740 722 2803 altera
754 2738 933 2802 sectionum
966 2737 1114 2824 deinceps

99 2845 284 2930 positarum
312 2846 496 2929 conueniat,
523 2848 612 2909 recta
640 2846 675 2909 in
701 2848 821 2928 puncto
850 2865 1022 2910 concursus
1049 2868 1115 2912 sec-

99 2951 226 3017 tionem
237 2951 428 3036 contingens
438 2955 544 3017 rectae
552 2974 610 3035 per
618 2955 773 3035 punctum
781 2953 948 3017 contactus
956 2957 1114 3018 centrum-

98 3079 166 3144 que
197 3057 312 3123 ductae
344 3058 502 3142 parallela
535 3058 609 3141 erit,
642 3060 747 3121 rectae
776 3061 884 3123 autem
910 3080 969 3143 per
994 3063 1116 3142 puncta

99 3167 273 3231 contactus
292 3168 500 3249 centrumque
515 3165 628 3229 ductae
644 3163 794 3228 diametri
807 3165 999 3248 coniugatae
1014 3186 1115 3248 oppo-

101 3271 240 3337 sitarum
264 3276 366 3336 erunt.

170 3378 238 3443 sint
265 3378 433 3463 oppositae
461 3379 666 3464 coniugatae,
698 3400 836 3462 quarum
863 3375 1013 3440 diametri
1040 3395 1116 3438 con-

102 3484 235 3569 iugatae
258 3484 325 3549 sint
345 3489 422 3570 AB,
440 3489 473 3551 Γ
472 3491 514 3570 Δ,
538 3489 681 3551 centrum
702 3488 810 3551 autem
830 3486 868 3565 X,
888 3485 921 3545 et
940 3477 1115 3544 sectionem

157 3597 347 3651 Apollonius,
366 3599 400 3639 od.
415 3601 522 3652 Helberg,
924 3585 956 3633 lt
