2438 3892
135 122 201 186 446
533 117 701 170 ΚΩΝΙΚΩΝ
719 111 758 184 ν’·

135 269 221 347 ΔΛ,
249 270 304 348 ἴση
333 260 371 329 δὲ
397 258 414 327 ό
448 259 511 346 μὲν
539 263 608 326 ΓΗ
633 259 674 345 τῇ
698 262 781 341 ΕΗ,
809 251 831 340 ἡ
860 253 899 322 δὲ
922 262 993 322 ΒΚ
1018 265 1059 344 τῇ
1082 262 1154 341 ΛΖ,

136 368 182 448 ῶς
205 366 269 456 ἄρα
290 368 329 435 τὸ
354 364 419 434 ιἰπὸ
444 371 515 433 ΓΗ
533 365 617 453 πρὸς
638 361 676 432 τὸ
701 360 766 430 ιἰπὸ
791 369 875 446 ΗΔ,
899 363 938 430 τὸ
962 358 1031 430 ὑπὸ
1054 369 1152 430 ΚΖΛ

137 475 221 560 πρὸς
243 476 281 541 τὸ
307 475 371 540 ἀπὸ
392 479 471 539 ΛΔ.
510 469 583 538 ’ἐστι
607 469 645 538 δὲ
667 474 734 554 καί,
758 465 804 548 ῶς
825 470 864 537 τὸ
890 465 957 536 ἀπὸ
980 475 1058 536 ΔΗ
1074 468 1153 557 πρὸς

137 579 176 648 τὸ
204 577 270 647 ὑπὸ
294 585 420 663 ΔΗΑ,
447 579 485 645 τὸ
514 575 579 644 ἀπὸ
604 583 674 643 ΔΛ
697 576 782 663 πρὸς
803 601 841 642 το
865 571 933 642 ὑπὸ
960 582 1047 661 ΔΛ,
1074 582 1154 642 ΑΚ·

103 683 184 753 ὀδό
207 695 285 754 ἴσον
308 683 384 773 ἄρα,
409 681 455 763 ῶς
475 681 514 750 τὸ
538 680 604 750 ἀπὸ
624 686 697 749 ΓΗ
713 682 799 764 πρὸς
820 681 859 749 τὸ
882 677 949 749 ὑπὸ
975 687 1095 767 ΔΗΑ,
1118 707 1151 749 το

136 790 202 859 ὑπὸ
232 796 336 858 ΚΖΛ
367 790 452 877 πρὸς
480 790 518 856 τὸ
547 785 613 855 ὑπὸ
644 794 729 871 ΔΛ,
756 794 836 854 ΑΚ.
888 784 906 855 6
936 785 975 855 δὲ
1002 791 1065 855 τοῦ
1092 785 1151 854 imo

137 902 240 964 ΚΖΛ
270 896 354 983 πρὸς
384 922 422 963 το
454 891 521 962 ὑπὸ
550 900 636 979 ΑΚ,
661 900 731 961 ΔΛ
762 894 863 979 λόγος
891 891 909 961 6
941 893 1154 981 σνγιιείμενός

137 1005 228 1071 ἐστιν
252 1004 288 1070 ἐκ
309 1004 372 1069 τοῦ
395 1005 455 1086 τῆς
478 1006 546 1067 ΖΚ
566 1001 652 1086 πρὸς
670 1006 741 1067 ΚΑ
759 1001 815 1067 καὶ
832 1004 894 1067 τοῦ
912 1011 972 1084 τῆς
993 1007 1059 1068 ΖΛ
1076 1023 1156 1085 προς

138 1115 217 1176 ΛΔ.
263 1104 336 1173 ἀλλ’
350 1103 395 1185 ῶς
418 1105 480 1193 μὲν
503 1103 524 1193 ἡ
545 1112 615 1173 ΖΚ
629 1107 715 1192 πρὸς
733 1111 818 1192 ΚΑ,
842 1103 954 1191 ἡΑΔ
972 1131 1058 1194 προς
1076 1113 1154 1189 ΔΝ,

88 1228 122 1277 10
141 1212 188 1292 ῶς
211 1211 249 1279 δὲ
272 1208 293 1297 ἡ
313 1218 379 1279 ΖΛ
401 1212 487 1299 πρὸς
505 1218 586 1298 ΛΔ,
609 1209 630 1296 ἡ
650 1219 722 1278 ΑΔ
745 1213 830 1298 πρὸς
854 1217 934 1277 ΘΑ“
972 1208 990 1278 6
1014 1209 1081 1298 ἄρα
1100 1215 1156 1279 τοῦ

138 1315 204 1385 ἀπὸ
229 1323 301 1384 ΓΗ
323 1319 407 1403 πρὸς
434 1318 472 1385 τὸ
496 1313 563 1385 ὑπὸ
589 1323 699 1385 ΔΗΑ
722 1317 823 1403 λόγος
845 1316 1018 1402 σύγκειται
1042 1319 1078 1385 ἐκ
1097 1328 1155 1386 τοῦ

138 1425 197 1509 τῆς
215 1429 285 1488 ΑΔ
303 1425 388 1512 πρὸς
407 1430 485 1491 ΔΝ
498 1424 554 1491 καὶ
572 1427 633 1492 τοῦ
651 1428 711 1510 τῆς
729 1430 800 1490 ΔΑ
818 1424 901 1509 πρὸς
918 1430 993 1491 ΑΘ.
1032 1422 1157 1509 σόγκει·

139 1554 193 1596 ται
226 1528 263 1596 δὲ
291 1531 347 1597 καὶ
375 1528 393 1597 6
421 1532 484 1596 τοῦ
511 1527 575 1598 ιἰιιὸ
607 1537 679 1596 ΑΛ
705 1530 790 1617 πρὸς
816 1530 854 1596 τὸ
883 1525 950 1596 ὑπὸ
979 1537 1061 1616 ΑΘ,
1086 1537 1156 1597 ΝΔ

140 1636 241 1721 λόγος
263 1637 299 1703 ἐκ
321 1639 391 1704 τῶν
411 1632 538 1704 αὐτῶν·
576 1640 667 1703 ἔστιν
685 1633 762 1722 ἄρα,
786 1632 830 1714 ῶς
847 1635 885 1702 τὸ
905 1632 972 1703 ἀπὸ
990 1643 1065 1704 ΓΗ
1077 1639 1159 1725 πρὸς

88 1757 121 1807 15
140 1745 178 1809 τὸ
207 1740 273 1811 ὑπὸ
298 1748 423 1828 ΑΗΔ,
446 1743 483 1810 τὸ
514 1739 579 1810 ἀπὸ
606 1749 677 1808 ΑΔ
699 1742 784 1830 πρὸς
809 1742 847 1809 τὸ
875 1737 942 1809 ὑπὸ
971 1749 1064 1828 ΝΔ,
1087 1751 1156 1811 ΑΘ.

142 1847 339 1935 [ἆνόααλιν,
368 1846 413 1929 ὡς
441 1849 480 1916 τὸ
509 1845 576 1916 ὑπὸ
603 1854 712 1915 ΑΗΔ
738 1848 823 1932 πρὸς
849 1847 887 1914 τὸ
915 1845 982 1916 ἄπο
1006 1855 1091 1935 ΓΗ,
1119 1854 1155 1918 τὸ

48 1952 52 1959 ’
141 1951 207 2021 ὑπὸ
231 1961 316 2039 ΝΔ,
339 1960 404 2020 ΛΘ
427 1956 512 2042 πρὸς
534 1955 572 2022 τὸ
598 1953 663 2022 ἀπὸ
687 1959 783 2038 ΑΛ].

618 2172 683 2220 νς.

205 2270 284 2341 Ἐὰν
318 2275 395 2360 μιᾶς
425 2280 493 2338 τῶν
526 2268 766 2358 ἀντικειμένων
799 2274 861 2339 δύο
895 2270 1028 2341 εὐθεῖαι
1058 2275 1156 2360 ἐφαπ-

88 2395 122 2444 20
141 2381 280 2469 τόμεναι
313 2384 539 2467 σομιιίιιτωσι,
573 2380 630 2444 διὰ
665 2377 702 2446 δὲ
728 2382 796 2446 τῶν
824 2376 923 2464 ἁφῶν
950 2378 1156 2465 παράλληλοι

142 2485 274 2574 ἆχθῶσι
301 2502 373 2566 ταῖς
401 2486 662 2572 ἐφαπτομέναις,
689 2485 745 2551 καὶ
768 2483 834 2552 ἀπο
862 2489 930 2552 τῶν
954 2483 1054 2569 ἁφῶν
1077 2510 1158 2574 προς

62 2609 64 2614 ’
141 2620 179 2660 το
209 2592 290 2660 αὐτὸ
322 2606 460 2679 σημεῖον
489 2596 547 2677 τῆς
575 2592 688 2678 ἑτέρας
714 2601 817 2676 τομῆς
845 2590 998 2675 ἀχθῶσιν
1027 2589 1156 2659 εὐθεῖαι

141 2700 323 2783 τέμνουσαι
350 2700 409 2778 τὰς
438 2697 689 2784 παραλλήλους,
723 2701 761 2763 τὸ
790 2697 1029 2783 περιεχόμενον
1057 2695 1155 2785 ὀρθο-

142 2801 269 2885 γῶνιον
293 2800 359 2870 ὑπὸ
389 2808 458 2872 τῶν
486 2800 766 2890 ἄποιομνομένων
794 2802 897 2887 λόγον
925 2804 990 2883 ἕξει
1012 2806 1098 2888 πρὸς
1121 2831 1154 2871 το

88 2921 123 2969 25
143 2903 208 2972 ἀπὸ
245 2911 302 2990 τῆς
333 2911 393 2988 τὰς
421 2907 512 2996 ἁφὰς
544 2908 825 2995 ἐπιζευγννούσης
852 2910 1066 2996 τετράγωνον
1099 2913 1157 2978 τὸν
1207 2973 1210 2978 .

142 3016 362 3096 συγκείμενον
391 3021 427 3081 ἔκ
454 3043 490 3083 τε
517 3019 593 3100 τοῦ,
632 3012 673 3083 ὃν
702 3021 767 3101 ἔχει
794 3018 853 3101 τῆς
880 3017 1158 3102 ἐπιζευγννοόσης

142 3118 204 3201 τὴν
219 3118 414 3202 σόμπτωσιν
428 3122 483 3187 καὶ
498 3122 562 3206 τὴν
576 3125 771 3208 ὃιχονομίαν
787 3119 806 3206 ἡ
822 3123 942 3206 μεταξὺ
958 3125 1017 3206 τῆς
1031 3126 1158 3209 διχοτο-

142 3228 219 3310 μίας
242 3223 297 3290 καὶ
320 3226 379 3306 τῆς
402 3227 515 3313 ἑτέρας
531 3232 635 3314 τομῆς
655 3230 739 3315 πρὸς
756 3229 819 3313 τὴν
839 3229 960 3312 μεταξὺ
979 3237 1039 3314 τῆς
1058 3228 1159 3315 αὐτῆς

219 3390 259 3438 16.
279 3379 422 3436 ἆνόπαλιν
442 3414 474 3423 -
497 3393 538 3440 17.
558 3386 623 3456 ΑΔ]
645 3385 734 3441 dele0.
804 3392 846 3440 24.
866 3383 949 3455 λόγον
969 3384 1038 3456 ἕξει]
1059 3386 1104 3440 bis
1123 3387 1158 3452 V3

142 3471 211 3509 corr.
231 3472 278 3523 pc.
