2438 3892
421 172 634 226 comcoauu
652 175 762 225 creua
779 175 801 228 1.
1074 173 1117 238 69

563 368 668 435 XVII.

171 492 206 560 Si
236 494 272 559 iu
300 494 441 560 sectione
469 495 542 560 coni
571 518 590 560 a
617 494 738 560 uertice
765 493 872 558 lineae
899 497 989 558 reeta
1015 499 1120 561 rectae

103 600 256 668 ordinate
270 601 385 667 ductae
399 602 558 686 parallela
572 601 709 686 ducitur,
723 605 814 665 extra
829 600 1004 666 sectionem
1020 602 1121 668 cadet.

169 708 215 773 sit
246 708 320 775 coni
350 707 468 792 sectio,
500 708 591 773 cuius
624 707 800 772 diametrus
834 708 877 772 sit
910 712 983 772 AB.
1040 708 1121 793 dico,

99 818 226 881 rectam
249 837 268 880 a
290 816 422 900 uertice,
444 815 506 881 hoc
529 819 580 880 est
603 838 622 880 a
642 818 763 899 puncto
782 820 823 900 A,
846 818 954 880 rectae
973 813 1120 880 ordinate

100 921 219 988 ductae
241 922 433 1007 parallelam
455 922 584 987 ductam
609 925 701 986 extre
724 921 901 986 sectionem
924 921 1046 986 cadere.

168 1050 244 1094 nam
269 1027 298 1093 si
320 1029 390 1094 fieri
412 1032 531 1113 potest,
554 1029 642 1093 intra
664 1028 760 1094 cadat
782 1032 819 1094 ut
842 1031 915 1092 ΑΓ.
951 1029 1018 1093 iam
1041 1050 1120 1113 quo-

99 1136 193 1201 niam
219 1136 254 1200 in
282 1135 355 1201 coni
381 1136 524 1201 sectione
548 1138 713 1218 sumptum
736 1138 786 1199 est
807 1138 964 1220 punctum
988 1134 1120 1219 aliquod

585 1244 625 1325 Γ,
648 1246 746 1306 'recta
779 1264 798 1306 a
825 1245 857 1306 Γ
884 1246 1003 1326 puncto
1033 1243 1122 1306 intra

585 1348 761 1413 sectionem
785 1347 881 1414 ducta
905 1353 1012 1413 rectae
1036 1349 1122 1414 ordi-

584 1457 660 1517 nate
702 1453 817 1519 ductae
853 1454 1011 1538 parallelo
1047 1476 1121 1520 cum

585 1559 743 1625 diametro
758 1565 823 1624 AB
843 1563 1012 1626 concurret
1031 1563 1063 1623 et
1080 1560 1120 1623 ab

585 1688 623 1731 ea
655 1667 690 1730 in
719 1667 798 1731 duas
827 1670 937 1751 partes
970 1666 1121 1750 aequales

585 1774 748 1839 secabitur
768 1776 870 1858 [prop.
887 1772 975 1854 VII].
1011 1773 1121 1856 itaque

584 1882 654 1943 ΑΓ
672 1881 830 1964 producta
849 1882 890 1946 ab
905 1884 970 1945 AB
990 1879 1025 1943 in
1040 1879 1119 1943 duas

584 1989 693 2070 partes
745 1988 894 2071 aequales
943 1986 1118 2069 secabitur3

585 2093 670 2178 quod
699 2094 769 2158 fieri
795 2117 861 2159 non
889 2097 1012 2178 postet3
1045 2114 1118 2176 pro·

585 2199 682 2264 ducta
700 2201 785 2265 euim
805 2208 836 2265 A
842 2204 873 2267 Γ
892 2204 985 2265 extra
1006 2198 1120 2263 sectio·

97 2328 178 2372 nem
197 2304 286 2370 cadit
305 2306 410 2390 [prop.
426 2304 481 2385 X].
518 2305 529 2369 i
547 2328 629 2391 aqua
648 2311 734 2371 recte
756 2308 796 2372 ab
817 2313 849 2371 A
870 2310 989 2391 puncto
1014 2307 1120 2369 rectae

98 2413 250 2480 ordinate
269 2411 384 2499 ductae
401 2412 559 2496 parallelo
573 2404 668 2478 ducta
685 2413 773 2477 iutra
791 2414 911 2477 lineam
930 2433 997 2475 uon
1017 2411 1120 2474 cadet.

98 2540 181 2607 crgo
206 2522 298 2583 extra
322 2517 427 2601 cadet3
452 2541 551 2604 quare
575 2520 751 2584 sectionem
775 2518 943 2603 contingit.

550 2747 673 2814 XVIII.

167 2872 203 2941 Si
230 2877 320 2939 recta
348 2895 420 2939 curn
449 2874 522 2939 coni
551 2873 692 2938 sectione
720 2895 913 2938 concurrens
939 2873 973 2936 in
996 2875 1117 2938 utram-

100 3004 162 3068 que
189 2983 317 3066 partem
343 2980 501 3063 producta
529 2984 621 3044 extra
647 2980 823 3046 sectionem
847 2981 945 3063 cudit,
974 2985 1006 3045 et
1029 2981 1116 3044 intra

98 3088 280 3155 sectionem
302 3089 458 3170 punctum
483 3087 612 3171 aliquod
632 3088 779 3170 sumitur,
803 3092 835 3152 et
853 3109 910 3171 per
928 3087 990 3152 hoc
1009 3091 1115 3151 rectae

98 3194 302 3263 concurrenti
325 3194 481 3278 parallela
504 3193 631 3258 ducitur
654 3196 756 3279 recta,
781 3198 869 3259 recta
892 3195 939 3258 ita
963 3194 1058 3259 ducta
1081 3195 1114 3257 in

98 3304 274 3386 utramque
296 3303 424 3385 partem
446 3301 605 3385 producta
629 3322 700 3365 cum
724 3302 865 3366 sectione
890 3305 1065 3366 concurret.

166 3408 211 3474 sit
238 3407 313 3473 coni
340 3406 439 3472 sectio
466 3410 594 3470 etcum
618 3429 655 3471 ea
679 3429 869 3472 concurrens
893 3410 983 3471 recta
1005 3407 1115 3486 ΑΖΒ,

98 3518 132 3583 ee
146 3515 185 3581 -in
202 3517 375 3598 utramque
393 3515 520 3597 partem
537 3513 694 3598 producta
712 3519 802 3579 extra
822 3513 996 3578 sectionem
1010 3510 1114 3592 cadat,
