2446 3916
412 190 628 242 comconuu
645 191 754 242 amna
771 191 807 242 11.
1050 186 1115 253 265

167 333 236 397 sint
263 340 309 416 A,
331 337 374 416 B,
397 335 440 415 Γ,
465 338 499 397 A
527 334 688 398 sectiones
716 332 888 417 oppositae
916 334 1118 418 coniugatus,

100 443 133 505 ot
159 443 248 505 recta
275 440 386 525 aliqua
414 441 591 506 sectionem
614 448 646 505 A
668 441 703 504 in
726 440 850 505 duobus
873 441 1003 524 punctis
1026 442 1065 522 E,
1089 444 1117 504 Ζ

100 550 200 630 secet,
228 550 416 630 seceturque
443 550 507 610 ΕΖ
533 547 568 610 in
595 550 635 611 H
656 548 692 610 in
720 547 800 611 duas
824 550 935 632 partes
958 547 1118 630 aequales,

100 657 248 718 centrum
275 655 383 718 autem
411 654 455 717 sit
478 657 520 738 X,
551 658 584 718 et
606 654 742 719 ducatur
765 657 847 738 XH,
875 657 982 719 rectae
1007 657 1117 717 autem

100 763 163 823 ΕΖ
185 759 343 843 parallela
365 759 501 825 ducatur
524 763 596 825 ΓΧ
633 760 713 843 dico,
737 765 842 826 rectas
866 764 941 839 AX,
964 761 1032 824 ΧΓ
1050 760 1117 824 dia-

101 870 222 931 metros
245 866 435 950 coniugatas
459 887 539 930 esso.

168 994 244 1036 nam
268 972 422 1056 quoniam
445 976 518 1036 AX
536 971 712 1038 diametrus
737 975 787 1038 est
809 977 842 1037 et
860 978 984 1039 rectam
1002 977 1065 1037 ΕΖ
1084 973 1119 1036 in

101 1080 182 1144 duas
213 1082 323 1162 partes
356 1079 506 1162 aequales
540 1084 640 1163 secat,
672 1084 761 1144 recta
792 1079 827 1143 in
857 1086 890 1144 A
924 1081 1119 1166 contingens

100 1187 208 1251 rectae
230 1188 294 1248 EZ
315 1184 473 1269 parallelo
496 1189 555 1250 est
570 1189 674 1269 [prop.
694 1184 752 1269 V];
776 1208 874 1270 quare
894 1187 992 1252 etiam
1011 1191 1118 1252 rectae

101 1294 171 1357 ΓΧ
188 1290 292 1372 [Eucl.
311 1290 337 1374 I,
358 1291 425 1371 30].
463 1291 618 1375 quoniam
641 1291 744 1376 igitur
767 1292 926 1357 sectiones
950 1293 1119 1377 oppositae

102 1401 191 1481 sunt,
219 1401 252 1461 et
278 1419 375 1462 unam
404 1419 513 1461 earum
541 1403 574 1461 A
601 1397 635 1461 in
663 1404 696 1461 A
724 1399 916 1483 contingens
945 1398 1042 1463 ducta
1070 1402 1120 1463 est

100 1506 199 1585 recta,
223 1525 242 1566 a
265 1507 375 1568 centro
400 1506 507 1568 autem
533 1508 567 1567 X
586 1504 626 1568 ad
649 1509 805 1587 punctum
829 1509 998 1570 contactus
1022 1505 1118 1570 ducta

101 1613 153 1675 est
180 1613 259 1690 XA,
287 1610 491 1694 contingenti
520 1615 628 1675 autem
656 1612 817 1695 parallcla
845 1612 943 1676 ducta
970 1615 1021 1676 est
1047 1614 1120 1696 PX,

99 1720 208 1781 rectae
237 1719 315 1797 XA,
340 1719 408 1781 ΓΧ
431 1716 581 1780 diametri
608 1719 799 1803 coniugatae
828 1721 916 1803 sunt;
944 1717 1006 1783 hoo
1033 1718 1118 1782 eninr

101 1827 201 1889 antea
224 1823 482 1888 demonstratum
506 1825 557 1887 est
580 1825 686 1908 [prop.
709 1823 794 1906 XX].

555 1999 671 2068 XLIV.

171 2122 277 2189 Datao
301 2125 375 2190 coni
399 2125 551 2189 sectionis
575 2124 769 2191 diametrum
792 2128 947 2192 inuenire.

170 2232 214 2297 sit
237 2231 315 2297 data
338 2232 439 2297 sectio
462 2231 545 2313 coni,
571 2232 606 2296 in
630 2255 694 2316 qua
717 2238 792 2298 sunt
814 2238 935 2319 puncta
958 2239 1001 2317 A,
1023 2237 1062 2316 B,
1084 2236 1120 2317 Γ,

104 2344 151 2423 A,
174 2341 212 2402 E.
260 2341 391 2423 oportet
414 2338 516 2423 igitur
540 2338 733 2404 diametrum
757 2340 826 2404 eius
849 2341 1003 2404 inuenire.
1077 2342 1079 2346 ’

595 2445 719 2510 factum
742 2446 794 2528 sit,
817 2446 923 2530 sitque
947 2448 1017 2511 ΓΘ.
1059 2445 1120 2508 ita·

367 2551 402 2606 Δ
530 2573 591 2635 que
628 2551 724 2615 rectis
760 2556 840 2635 ΔΖ,
872 2555 935 2615 ΕΘ
972 2549 1124 2643 ordinate,

530 2656 635 2721 ductis
659 2657 888 2740 productisquc
912 2657 975 2721 erit

530 2766 736 2846 AZ=ZB,
755 2766 946 2828 Eo=oA
962 2761 1121 2844 [Idef.4].

529 2870 638 2954 itaque
663 2869 691 2934 si
714 2874 818 2934 rectas
840 2875 917 2954 BA,
934 2873 1014 2953 EA,
1038 2890 1120 2953 quaa

528 2976 705 3061 parallelae
726 2980 811 3060 sunt,
833 2978 996 3062 positione
1014 2976 1121 3041 fixeri-

529 3103 615 3165 mus,
647 3082 722 3147 data
754 3086 849 3148 erunt
875 3087 997 3168 puncta
1024 3086 1062 3165 Θ,
1086 3085 1121 3146 Ζ.

362 3201 397 3259 A
531 3210 608 3274 ergo
628 3192 728 3253 ΘΖΓ
746 3190 909 3273 positione
933 3190 1011 3255 data
1034 3189 1104 3278 epit.

598 3299 808 3380 componetur
837 3295 901 3361 hoc
930 3295 1039 3360 modo:

104 3407 182 3470 data
205 3404 280 3469 coni
304 3403 419 3485 sectio,
442 3403 476 3467 in
505 3424 569 3486 qua
593 3406 669 3466 sunt
690 3406 812 3486 puncta
835 3408 881 3486 A,
903 3402 945 3484 B,
968 3403 1006 3482 F,
1024 3401 1058 3462 A

105 3521 138 3580 et
167 3510 343 3597 parallelae
376 3508 536 3574 ducantur
567 3511 676 3573 rectae
708 3513 790 3592 BA,
813 3511 882 3574 ΑΕ
911 3509 1054 3571 secentur
