2438 3892
127 165 171 230 60
521 166 689 220 mmm<
708 164 749 221 α’.

126 315 160 376 A
167 316 194 375 Z
211 308 425 398 παράλληλος
442 306 538 395 ἤχθω
557 305 578 394 ἡ
598 314 679 394 ΘΛ,
698 310 754 375 δια
775 307 813 376 δὲ
830 309 900 376 τῶν
919 314 957 393 Ζ,
972 314 1003 374 A
1021 312 1061 397 τῇ
1077 316 1144 377 ΘΔ

126 415 333 505 παράλληλοι
356 416 519 503 ἤχθωσαν
543 418 581 483 αἱ
602 420 681 501 ΖΚ,
701 421 783 483 AM.
835 415 931 500 λέγω,
956 412 1008 483 ὅτι
1031 412 1048 482 ἤ
1076 422 1144 484 ΗΘ

127 521 267 591 δύναται
282 521 320 591 τὸ
332 530 365 590 A
373 529 416 609 A,
431 519 450 590 ὃ
465 522 660 611 παράκειται
673 520 763 609 παρὰ
777 522 839 608 τὴν
849 529 916 589 AZ
930 521 1054 602 πλάτος
1066 527 1141 610 ἔχον

125 630 189 716 τῆν
202 637 236 697 A
241 636 270 697 Θ
284 632 437 697 ἐλλεῖπον
451 632 533 697 εῖδει
547 631 592 720 τῷ
607 634 638 694 A
644 635 671 694 Z
686 625 791 719 ὁμοίῳ
807 626 880 696 ὄντι
894 633 938 720 τῷ
954 626 1020 697 ὑπὸ
1033 636 1102 697 EA
1108 637 1144 699 Z.

91 760 106 808 5
193 741 276 804 έστω
304 737 369 822 γὰρ
398 733 478 821 παρ’
499 731 542 822 ἤν
571 735 735 803 δύνανται
759 738 796 801 αἱ
816 735 869 802 ἐπὶ
892 762 955 822 την
978 743 1045 803 ΑΒ
1069 763 1141 806 κατ-

126 840 290 930 αγόμεναι
308 843 515 930 τεταγμένως
533 839 553 929 ἤ
569 849 652 927 ΑΝ,
670 841 726 910 καὶ
745 841 931 929 ἐπεζεύχθω
948 842 968 910 ἤ
984 849 1069 929 ΒΝ,
1088 842 1141 910 καὶ

127 950 183 1016 διὰ
207 948 269 1036 μὲν
292 953 351 1017 τοῦ
375 956 414 1016 Η
432 952 471 1038 τῇ
491 956 561 1016 AE
581 948 794 1037 παράλληλος
817 948 913 1038 ἤχθω
936 947 957 1035 ἡ
977 953 1059 1035 ΗΞ,
1085 955 1139 1019 δια

126 1054 165 1123 δὲ
181 1059 250 1123 των
268 1058 307 1141 Ξ,
321 1060 354 1122 Γ
365 1059 406 1144 τῇ
425 1062 501 1123 ΛΝ
514 1053 722 1144 παράλληλοι
741 1053 902 1144 ἤχθωσαν
921 1059 959 1124 αἱ
974 1059 1048 1142 ΞΟ,
1064 1063 1140 1144 ΓΠ,

127 1163 183 1229 διὰ
208 1161 246 1230 δὲ
268 1166 335 1230 τῶν
358 1169 403 1249 Ν,
425 1169 463 1248 0,
482 1171 521 1230 H
539 1167 579 1252 τῆ
603 1171 668 1231 ΑΒ
691 1163 899 1250 παράλληλοι
922 1161 1084 1250 ἤχθωσαν
1108 1167 1149 1232 αῖ

74 1295 106 1343 10
126 1275 165 1336 Ν
169 1277 210 1354 Τ,
227 1276 307 1356 ΟΣ,
326 1277 403 1337 TH·
441 1278 518 1338 ἴσον
536 1268 602 1359 ἤρα
620 1270 690 1338 ἐστὶ
708 1272 746 1338 τὸ
766 1270 827 1357 μὲν
846 1268 912 1339 ἀπὸ
932 1274 991 1357 τῆς
1010 1277 1081 1338 ΛΓ
1095 1275 1140 1365 τῷ

128 1384 209 1458 ΑΠ,
228 1377 265 1446 τὸ
286 1376 324 1445 δὲ
342 1375 407 1447 ἀπὸ
426 1382 485 1464 τῆς
503 1381 573 1455 ΗΞ
587 1380 634 1469 τῷ
654 1387 686 1445 Α
693 1384 730 1445 0.
771 1377 827 1445 καλ
846 1380 919 1445 ἐπεί
934 1380 1036 1464 ἐστιν,
1056 1375 1102 1459 ὡς
1119 1376 1139 1466 ἤ

124 1490 192 1551 BA
202 1484 285 1572 πρὸς
295 1491 377 1571 ΑΝ,
392 1482 528 1572 οὕτωςῆ
539 1485 781 1573 ΒΓττμὸςΓΠ,
790 1483 847 1551 καὶ
857 1481 877 1569 ἡ
888 1492 924 1551 H
932 1492 1049 1570 Τιτμος
1065 1492 1142 1570 ΤΝ,

125 1598 180 1677 ἴση
196 1590 234 1659 δὲ
247 1588 268 1678 ἤ
283 1597 350 1659 ΒΓ
358 1595 398 1680 τῇ
413 1599 492 1678 ΓΑ,
506 1592 656 1660 τουτέστι
671 1595 710 1679 τῇ
729 1598 808 1677 ΤΠ,
823 1591 878 1658 καὶ
893 1588 913 1677 ἡ
929 1596 1001 1659 ΓΠ
1010 1603 1050 1681 τῇ
1070 1599 1143 1681 ΤΑ,

125 1705 201 1765 ἴσον
225 1697 290 1785 ἅμα
313 1698 383 1766 ἐστὶ
405 1700 442 1766 τὸ
467 1698 529 1785 μὲν
546 1706 623 1765 ΑΠ
637 1701 682 1787 τῷ
706 1704 777 1783 ΤΡ,
800 1699 837 1766 τὸ
863 1697 900 1765 δὲ
919 1700 985 1774 ΞΤ
1003 1709 1049 1790 τῷ
1073 1707 1142 1768 ΤΤ.

71 1829 104 1880 15
123 1802 179 1871 καὶ
202 1802 272 1870 ἐπεὶ
295 1828 332 1869 το
354 1809 422 1870 OT
440 1807 485 1893 τῷ
506 1811 568 1871 ΟΡ
583 1806 674 1873 ἐστιν
693 1812 780 1891 ἴσον,
803 1802 920 1885 κοινὸν
940 1804 978 1872 δέ
996 1806 1033 1874 τὸ
1054 1813 1093 1873 Ν
1097 1813 1138 1893 O,

122 1906 161 1978 τὸ
179 1914 244 1976 ΤΤ
254 1906 319 1995 ἅμα
334 1917 408 1978 ἴσον
424 1910 492 1978 ἐστὶ
506 1913 551 2000 τῷ
566 1917 602 1978 Ν
606 1919 645 1979 Σ.
682 1909 767 1979 ἀλλὰ
782 1913 819 1979 τὸ
840 1918 903 1978 Tr
913 1896 1039 2004 vfi'TE
1050 1914 1143 1980 ἐστιν

124 2025 210 2101 ἴσον,
229 2015 348 2083 κοινὸν
368 2016 405 2085 δὲ
422 2018 460 2086 τὸ
482 2024 557 2085 ΤΣ·
594 2019 677 2087 ὅλον
696 2016 762 2107 ἅμα
776 2019 814 2086 τὸ
829 2025 918 2103 ΝΠ,
936 2020 1087 2086 τουτέστι
1102 2019 1139 2085 τό

125 2131 210 2209 HA,
230 2131 307 2194 ἴσον
326 2124 395 2193 ἐστὶ
408 2127 454 2218 τῷ
468 2131 536 2192 AO
549 2126 629 2211 μετὰ
645 2129 705 2194 τοῦ
722 2134 758 2193 H
764 2132 804 2193 0·
843 2122 927 2192 ὥστε
941 2125 977 2193 τὸ
994 2132 1066 2191 HA
1081 2127 1142 2192 τοῦ

124 2238 191 2299 AO
208 2228 360 2322 ὑπερέχει
378 2235 423 2324 τῷ
441 2238 518 2299 ΟΠ.
554 2237 613 2299 καί
624 2230 694 2300 ἐστι
707 2258 745 2300 το
761 2231 822 2317 μὲν
838 2240 912 2298 ΑΠ
923 2241 998 2299 ἴσον
1012 2236 1057 2323 τῷ
1072 2230 1138 2300 ἄπο

71 2363 105 2413 νο
123 2342 182 2426 τῆς
196 2345 275 2426 ΓΔ,
290 2341 327 2408 τὸ
345 2339 553 2407 δὲΑΟἴσου
567 2343 613 2431 τῷ
628 2336 693 2405 ἀπὸ
709 2342 767 2424 τῆς
781 2341 858 2422 ΞΗ,
873 2340 911 2405 τὸ
928 2338 964 2406 δέ
981 2346 1052 2405 OH
1064 2347 1139 2407 ἴσον

123 2457 168 2538 τῷ
191 2447 257 2516 ὑπὸ
280 2453 396 2515 ΟΣΠ·
437 2445 474 2512 τὸ
499 2443 564 2533 ἄρα
583 2443 648 2513 ἄτιό
671 2450 730 2532 τῆς
748 2452 815 2513 ΓΔ
833 2449 893 2513 τοῦ
913 2444 977 2512 ἄπο
997 2449 1055 2530 τῆς
1073 2448 1144 2522 ΗΞ

124 2551 272 2641 ὑπερέχει
295 2557 341 2645 τῷ
365 2551 431 2622 ὑπὸ
451 2556 519 2621 τῶν
540 2560 654 2622 ΟΣΠ.
693 2552 748 2620 καὶ
769 2552 839 2621 ἐπεὶ
858 2549 878 2639 ἡ
899 2559 968 2619 ΔΕ
984 2554 1139 2637 τέτμηται

124 2663 170 2737 εἰς
188 2659 249 2746 μὲν
269 2669 325 2728 ἴσα
343 2662 426 2729 κατὰ
444 2661 483 2728 τὸ
504 2666 541 2746 Γ,
561 2665 609 2740 είς
627 2660 664 2728 δὲ
684 2658 783 2727 ἄνισα
801 2657 885 2726 κατὰ
903 2660 941 2726 τὸ
956 2665 995 2743 Θ,
1014 2659 1051 2726 τὸ
1073 2657 1139 2745 ἅμα

122 2762 187 2833 ὑπὸ
216 2770 284 2834 τῶν
308 2774 409 2835 ΕΘΛ
436 2769 517 2855 μετὰ
545 2771 606 2835 τοῦ
635 2764 698 2834 ἀπὸ
723 2771 781 2853 τῆς
805 2772 880 2850 ΓΘ,
908 2765 1057 2832 τουτέστι
1081 2769 1140 2850 τῆς

70 2896 104 2944 25
123 2873 199 2957 ΞΗ,
224 2882 299 2940 ἴσον
324 2875 392 2942 ἐστὶ
415 2878 460 2965 τῷ
482 2871 546 2942 ἀπὸ
571 2879 629 2960 τῆς
647 2879 679 2940 Γ
681 2881 722 2940 A.
763 2874 800 2940 τὸ
826 2870 891 2959 ἅμα
911 2861 975 2939 οάτὸ
994 2876 1053 2977 τῆχ
1073 2877 1139 2937 ΓΛ

121 2988 183 3046 τοῦ
202 2975 267 3045 ἀπὸ
287 2983 345 3064 τῆς
359 2983 431 3056 ΞΗ
444 2979 595 3068 ὑπερέχει
615 2984 658 3070 τῷ
674 2977 738 3046 ὑπὸ
753 2990 821 3046 τοῦν
837 2985 950 3044 ΕΘΛ·
987 2976 1139 3066 ὑπερεῖχε

124 3083 161 3152 δὲ
192 3086 229 3152 τὸ
263 3083 328 3153 ἀπὸ
358 3091 416 3171 τῆς
443 3092 508 3153 ΓΔ
539 3090 601 3154 τοῦ
629 3084 694 3154 ἀπὸ
722 3089 779 3169 τῆς
806 3086 877 3159 ΗΞ
900 3096 945 3178 τῷ
975 3081 1040 3151 ὑπὸ
1071 3090 1138 3153 τῶν

125 3198 241 3259 ΟΣΠ·
282 3192 320 3259 τὸ
344 3190 409 3280 ἅμα
432 3190 498 3260 ὑπὸ
523 3198 591 3261 τῶν
611 3200 711 3260 ΕΘΛ
736 3199 811 3259 ἴσον
832 3192 900 3260 ἐστὶ
918 3201 964 3283 τῷ
984 3188 1049 3258 ὑπὸ
1069 3196 1137 3260 τῶν

125 3306 237 3366 ΟΣΠ.
277 3299 333 3365 καὶ
357 3301 430 3367 ἐπεί
450 3301 550 3387 ἐστιν,
573 3297 618 3380 ὡς
641 3297 662 3386 ἡ
687 3306 757 3365 ΔΕ
777 3297 861 3385 πρὸς
884 3305 962 3380 AB,
987 3296 1093 3378 οὕτως
1116 3296 1136 3385 ἡ

196 3466 219 3515 1.
240 3459 309 3530 ΘΔ]
333 3461 387 3513 ΘΛ
404 3458 444 3526 V;
474 3475 542 3513 corr.
563 3478 589 3528 p.
682 3465 723 3517 10.
747 3460 823 3531 NT]
844 3463 931 3514 ΝΤΡ
952 3459 1053 3528 Halley
1073 3478 1136 3514 cum

124 3530 300 3600 command„
334 3533 392 3585 NP
417 3549 444 3600 p.
533 3536 574 3585 12.
603 3525 706 3585 διὰτὸ
731 3530 759 3586 δ’
780 3532 855 3602 [τοῦ]
876 3528 904 3590 ς’
928 3550 984 3602 mg.
1002 3549 1039 3586 m.
1064 3537 1078 3584 1
1103 3533 1128 3586 V
