2438 3892
126 152 191 218 170
520 153 688 208 mmm
706 150 747 208 α’.

125 295 196 364 ἐπεὶ
221 298 344 380 κῶνος,
373 285 414 362 οὖ
441 293 538 381 βάσις
561 293 623 382 μὲν
647 291 665 363 ὁ
689 301 758 362 ΗΘ
779 293 918 381 κύκλος,
945 296 1083 384 κορυφὴ
1107 295 1144 365 δὲ

124 401 162 471 τὸ
177 409 216 489 Ζ,
233 404 389 489 τέτμηται
408 402 551 494 ἐπιπέδῳ
571 398 667 495 ὀρθῷ
686 399 771 488 πρὸς
788 398 827 469 τὸ
843 407 946 469 ΖΗΘ
964 407 1143 489 τρίγωνον,

125 511 278 597 τέτμηται
307 509 345 576 δέ
370 509 427 577 καλ
455 507 555 599 ἑτέρῳ
578 509 728 599 ζέπιπέδηυ
756 511 802 596 τῷ
830 504 1044 599 ὑποκειμένῳ
1071 506 1141 578 κατ’

126 613 265 684 εὐθεῖαν
287 613 351 702 τὴν
371 622 480 682 ΠΛΡ
498 614 583 704 πρὸς
605 611 713 702 ὀρθὰς
734 618 775 702 τῇ
793 620 917 700 ΗΔΘ,
939 611 961 702 ἡ
988 613 1026 683 δὲ
1046 617 1141 702 κοινὴ

90 723 209 810 υτομη
242 725 304 791 τοῦ
334 747 369 789 τε
402 719 624 808 ὑποκειμένου
656 722 816 790 ἐπιπέδου
847 721 904 789 καὶ
932 725 997 789 τοῦ
1025 727 1068 788 Η
1070 728 1141 807 ΖΘ,

123 830 296 897 τουτέστιν
318 825 339 915 ἡ
359 836 441 914 ΔΒ,
466 829 691 914 ἐκβαλλομένη
715 827 768 896 ἐπὶ
790 828 828 896 τὸ
848 835 879 895 Β
902 833 1083 914 συμπίπτει
1106 831 1140 916 τῇ

123 941 192 1001 ΗΖ
219 933 302 1003 κατὰ
329 935 367 1003 τὸ
391 944 434 1021 Α,
461 935 631 1021 ὑπερβολὴ
661 932 728 1023 ἄρα
752 938 843 1002 ἔσται
867 930 888 1021 ἡ
911 936 999 1021 τομὴ
1023 933 1082 1002 διὰ
1103 933 1139 1001 τὰ

123 1042 388 1129 προδεδειγμένα
419 1039 440 1128 ἡ
470 1048 586 1127 ΠΒΡ,
620 1033 660 1127 ἧς
691 1042 824 1128 κορυφὴ
858 1042 921 1128 μέν
949 1042 1020 1109 ἐστι
1049 1039 1088 1110 τὸ
1114 1046 1138 1108 Β

125 1160 279 1234 σημεῖον,
306 1150 343 1213 αί
368 1147 406 1215 δέ
433 1147 658 1235 καταγόμεναι
682 1147 735 1215 ἐπὶ
758 1148 821 1234 τὴν
845 1154 915 1215 BA
937 1149 1138 1234 τεταγμένως

72 1276 104 1326 10
124 1254 161 1321 ἐν
184 1251 272 1342 ὀρθῇ
296 1258 403 1343 γωνία
427 1255 710 1341 καταχθήσονται·
756 1253 965 1340 παράλληλοι
988 1256 1056 1344 γάρ
1080 1258 1136 1323 είσι

123 1363 163 1448 τῇ
187 1366 298 1428 ΠΔΡ.
335 1360 391 1427 καὶ
415 1361 487 1428 ἐπεί
508 1364 610 1447 ἐστιν,
634 1358 679 1440 ὡς
701 1358 722 1448 ἡ
742 1368 807 1428 AB
830 1358 915 1449 πρὸς
933 1367 1011 1447 ΒΓ,
1037 1358 1137 1448 ἡΕΚ

123 1465 209 1554 πρὸς
229 1474 320 1554 ΚΜ,
344 1464 389 1547 ὡς
412 1467 450 1534 δέ
472 1464 493 1553 ἡ
514 1473 584 1534 ΕΚ
602 1468 687 1553 πρὸς
705 1473 797 1553 ΚΜ,
820 1464 841 1554 ἡ
862 1473 933 1534 ΒΝ
954 1467 1041 1553 πρὸς
1064 1473 1135 1552 ΝΖ,

124 1575 274 1643 τουτέστι
300 1576 338 1642 τὸ
366 1572 432 1642 ὑπὸ
457 1579 560 1641 ΒΝΖ
588 1575 673 1662 πρὸς
695 1572 734 1642 τὸ
758 1570 825 1641 ἀπὸ
850 1578 935 1657 ΝΖ,
964 1570 1010 1653 ὡς
1034 1569 1135 1663 ἅρπη

123 1686 191 1747 AB
214 1679 298 1768 πρὸς
319 1686 395 1765 ΒΓ,
418 1681 456 1748 τὸ
481 1677 546 1748 ὑπὸ
567 1686 669 1747 ΒΝΖ
693 1677 776 1768 πρὸς
799 1677 837 1748 τὸ
860 1676 927 1746 ἀπὸ
948 1686 1030 1749 ΝΖ.
1069 1689 1137 1749 λ’σον

72 1810 105 1860 15
126 1784 162 1851 δέ
184 1782 217 1852 τί
245 1782 310 1851 ὑπὸ
331 1792 433 1852 ΒΝΖ
457 1798 501 1877 τῷ
526 1784 591 1855 ὑπὸ
612 1793 731 1854 ANB·
769 1783 814 1865 ὡς
836 1783 903 1874 ἄρα
926 1783 947 1872 ἡ
969 1794 1037 1855 ΑΒ
1061 1785 1138 1874 πρὸς

130 1897 207 1974 ΓΒ,
236 1888 274 1958 τὸ
306 1886 372 1958 ὑπὸ
401 1900 506 1961 ANB
539 1891 623 1978 πρὸς
653 1891 691 1961 τὸ
725 1890 789 1960 ἀπὸ
818 1898 896 1960 NZ.
945 1891 984 1963 τὸ
1013 1893 1053 1963 δὲ
1080 1891 1139 1963 ὑπὸ

122 2002 228 2064 ANB
255 1993 339 2084 πρὸς
365 1996 403 2065 τὸ
433 1995 498 2067 ἀπὸ
523 2006 591 2067 ΝΖ
622 1996 682 2067 τὸν
706 2003 928 2084 συγκείμενον
951 2005 1018 2088 ἔχει
1042 1999 1141 2088 λόγον

70 2344 105 2393 20
125 2314 145 2404 ἡ
165 2323 228 2384 ΖΟ
251 2314 335 2405 πρὸς
355 2322 436 2399 ΘΗ,
462 2313 507 2396 ὡς
530 2316 568 2384 δέ
592 2315 612 2404 ἡ
632 2325 706 2386 ΒΝ
724 2319 809 2408 πρὸς
828 2328 911 2408 ΝΖ,
935 2350 955 2409 η
977 2329 1041 2390 ΖΟ
1061 2322 1142 2411 πρὸς

126 2431 199 2492 OB·
236 2421 257 2511 ἡ
281 2422 346 2512 ἄρα
364 2428 429 2490 ΑΒ
449 2422 535 2508 πρὸς
553 2429 620 2490 ΒΓ
632 2424 693 2492 τὸν
714 2435 934 2514 συγκείμενον
953 2433 1020 2516 ἔχει
1041 2429 1142 2515 λόγον

124 2534 159 2600 έκ
181 2535 242 2601 τοῦ
265 2527 306 2599 ὃν
331 2535 396 2617 ἔχει
419 2528 440 2616 ἡ
464 2536 527 2597 ΖΟ
549 2528 633 2619 πρὸς
657 2539 729 2599 OH
751 2535 807 2602 καὶ
830 2531 850 2621 ἡ
872 2541 935 2601 ZO
958 2536 1043 2620 πρὸς
1063 2542 1143 2620 ΟΘ,

121 2638 271 2706 τουτέστι
293 2637 332 2706 τὸ
356 2635 422 2705 ἀπὸ
448 2643 512 2705 ΖΟ
534 2636 617 2724 πρός
639 2639 677 2706 τὸ
701 2637 767 2707 ὑπὸ
791 2647 831 2707 Η
835 2647 904 2708 OB.
952 2646 1044 2710 ἐστιν
1068 2640 1143 2729 ἄρα,

123 2740 169 2820 ὡς
190 2741 211 2829 ἡ
236 2751 300 2810 AB
324 2742 407 2829 πρὸς
429 2748 507 2829 ΒΓ,
535 2745 573 2811 τὸ
600 2742 664 2813 ἀπὸ
692 2753 754 2812 ΖΟ
776 2745 861 2832 πρὸς
883 2746 921 2816 τὸ
945 2745 1012 2815 ὑπὸ
1034 2755 1144 2816 ΗΟΘ.

72 2871 106 2920 25
124 2852 184 2914 καί
203 2845 273 2915 ἐστι
296 2849 509 2937 παράλληλος
531 2848 547 2916 ν’
576 2857 640 2919 ΖΟ
662 2855 702 2941 τῇ
721 2860 805 2921 AA·
847 2859 971 2940 κλαγία
995 2853 1059 2940 μὲν
1081 2853 1145 2942 ἄρα

121 2953 249 3040 πλευρά
273 2955 364 3021 ἐστιν
388 2953 409 3040 ἡ
433 2965 513 3042 ΑΒ,
538 2955 642 3044 ὀρθία
666 2959 703 3026 δὲ
727 2957 747 3045 ἡ
772 2966 847 3027 ΒΓ·
889 2963 995 3028 ταῦτα
1018 2963 1085 3047 γὰρ
1110 2962 1145 3030 ἐν

122 3061 168 3146 τῷ
193 3058 240 3141 ιβ’
264 3060 458 3146 θεωρήματι
483 3065 657 3132 δέδεικται.

194 3197 219 3248 2.
244 3187 370 3258 ἐπιπέδῳ
390 3224 423 3233 -
443 3200 467 3249 3.
491 3193 637 3268 τέτμηται]
665 3215 718 3253 om.
738 3197 775 3263 V;
810 3199 908 3253 addidi
936 3200 1139 3269 praeeuntibus

122 3263 215 3318 Memo
238 3264 268 3317 eb
286 3262 398 3317 Halleio
427 3265 487 3333 (qui
505 3270 652 3334 praeterea
672 3269 781 3324 addunt
803 3271 853 3324 καλ
875 3276 955 3324 ποιεί
973 3268 1065 3341 τομὴν
1088 3268 1138 3327 τὸν

125 3336 245 3389 ΗΠΘΡ
261 3330 377 3400 κύκλον,
407 3334 454 3388 cfr.
476 3355 502 3405 p.
525 3344 588 3405 162,
608 3347 689 3409 δερ,
714 3343 742 3394 et
765 3340 813 3395 lin.
835 3347 850 3394 3
875 3342 940 3410 post
958 3336 1139 3426 ὑποκειμένῳ

122 3424 209 3479 uerba
227 3421 358 3494 τέμνοντι
376 3420 429 3491 τὴν
449 3421 532 3496 βάσιν
551 3431 601 3481 τοῦ
621 3424 734 3496 κιένοο).
815 3436 858 3486 27.
878 3430 916 3504 τῷ
936 3427 990 3502 ιβ’]
1014 3433 1036 3492 λ,
1057 3428 1087 3502 β’
1107 3432 1145 3498 V;

126 3520 195 3561 corr.
216 3523 242 3574 p.
