2438 3892
128 129 194 194 258
527 129 695 184 ΚΩΝΙΚΩΝ
714 123 752 200 β’.

130 269 316 358 ἐπεζεύχθω
340 266 360 356 ή
384 276 461 354 ΓΔ,
488 269 544 337 καὶ
568 269 745 358 διάμετρος
767 267 863 357 ήχθω
886 267 908 356 ἡ
933 277 1006 337 ΕΖ.
1051 271 1141 356 λέγω,

129 378 181 446 ὅτι
205 386 260 463 ἴση
285 378 377 445 ἐστὶν
400 374 421 464 ή
445 382 506 445 ΓΖ
528 381 569 466 τῇ
593 385 669 445 ΖΔ.

197 488 228 552 εί
248 482 312 571 χάρ
337 483 397 571 μή,
420 482 596 569 τετμήσθω
620 481 640 568 ἡ
665 489 727 550 ΓΔ
749 486 826 570 δίχα
849 483 933 552 κατά
957 481 996 551 τὸ
1020 490 1070 569 Η,
1091 483 1141 550 καὶ

131 588 316 676 ἐπεζεύχθω
340 586 361 675 ή
385 595 464 655 ΗΕ·
504 585 524 674 ή
548 596 621 656 ΗΕ
641 586 706 674 ἀρα
730 588 908 677 διάμετρός
931 591 1033 658 ἐστιν.
1079 594 1141 657 ἐστι

94 696 169 765 5θέ
190 696 246 762 καὶ
270 693 290 781 ή
313 703 390 762 ΕΖ·
426 695 567 782 κέντρον
596 692 662 782 ἀρα
690 695 759 762 ἐστὶ
784 695 822 763 τὸ
847 703 885 763 Ε.
930 691 1043 784 ήάρα
1067 694 1140 782 σύμ

129 821 252 882 πτωσις
279 805 348 869 τῶν
376 802 616 887 ἐφαπτομένων
646 802 698 868 ἐπὶ
725 805 786 869 τοῦ
813 803 956 889 κέντρου
984 801 1054 870 ἐστὶ
1081 805 1140 868 τῶν

127 912 253 995 τομῶν·
291 909 372 992 ὅπερ
401 906 537 975 ἀτοπον.
588 903 650 974 ούκ
678 906 743 994 ἀρα
770 905 890 986 ἀνισύς
917 909 1010 974 ἐστιν
1037 905 1059 993 ἡ
1086 913 1139 974 ΓΖ

127 1018 167 1103 τῇ
193 1022 267 1081 ΖΔ.
305 1022 360 1101 ἴση
384 1012 458 1099 ἀρα.

613 1219 658 1278 μ.

76 1349 109 1397 10
193 1330 271 1400 Ἐἀν
298 1338 367 1400 τῶν
395 1330 634 1418 ἀποκειμένων
665 1331 728 1399 δύο
757 1330 888 1399 εύθεϊαι
918 1333 1135 1420 ἐφαπτόμεναι

129 1445 355 1526 σνμπίπτωσι,
391 1439 447 1506 καὶ
479 1437 535 1505 διά
568 1442 628 1523 τής
655 1436 876 1524 συμπτάσεως
904 1435 1023 1506 εὐθεῖα
1056 1437 1134 1526 ἀχθῇ

128 1545 217 1634 παρά
240 1548 303 1634 τήν
325 1545 384 1625 κάς
407 1543 495 1632 ἀφάς
514 1543 796 1629 ἐπιζευχνύονσαν
816 1549 1053 1631 συμπίπτοντα
1074 1558 1135 1623 ταῖς

127 1667 255 1740 τομαῖς,
281 1657 319 1720 αἱ
339 1650 403 1720 ἀπὸ
427 1655 496 1721 τῶν
520 1649 744 1736 συμπτώσεων
768 1647 930 1737 ἀγόμεναι
964 1651 1017 1719 ἐπὶ
1041 1653 1134 1738 μέσην

126 1756 188 1844 τήν
210 1759 269 1838 τὰς
291 1757 381 1844 άφάς
403 1759 687 1842 ἐπιζευχνύονσαν
710 1757 917 1842 ἐφάπτονται
935 1761 1004 1826 των
1023 1762 1133 1844 τομῶν.

75 1878 108 1928 15
194 1869 345 1932 ἔστωσαν
368 1861 594 1949 ἀντικείμενοι
613 1864 711 1949 τομαὶ
730 1865 768 1929 αἱ
780 1873 822 1949 Α,
837 1871 877 1948 Β,
900 1864 1045 1932 καὶτῶν
1060 1869 1133 1949 Α,Β

127 1967 191 2036 δύο
215 1968 347 2036 εύθεῖαι
375 1969 537 2056 ήχθωσαν
565 1969 793 2055 ἐφαπτόμεναι
821 1972 859 2036 αἱ
880 1975 953 2056 ΓΕ,
973 1978 1058 2056 ΕΔ,
1087 1968 1133 2036 καὶ

127 2073 312 2161 ἐπεζεύχθω
337 2072 357 2161 ή
382 2081 459 2159 ΓΛ,
487 2075 543 2141 καὶ

127 2181 183 2247 διὰ
201 2185 263 2248 τοῦ
277 2189 308 2248 Ε
323 2184 362 2270 τῇ
377 2187 409 2248 Γ
410 2189 443 2247 Λ
461 2205 542 2269 παρ·
562 2174 597 2227 Γ

125 2286 268 2374 άλληλος
282 2286 378 2376 ήχθω
393 2288 413 2374 ή
431 2295 542 2373 ΖΕΗ,

72 2410 106 2461 20
125 2396 181 2464 καὶ
212 2395 388 2483 τετμήσθω
421 2393 441 2482 ή
477 2401 541 2462 ΓΔ

125 2507 202 2590 δίχα
211 2504 294 2572 κατὰ
305 2505 342 2572 τὸ
356 2510 394 2588 Θ,
408 2503 463 2569 καὶ
474 2505 541 2570 ε’πε·

126 2609 320 2696 ζεύχθωσαν
335 2613 373 2678 αἱ
383 2618 454 2695 ΖΘ,
466 2615 541 2675 ΘΗ.

125 2717 221 2800 λέγω,
248 2719 300 2784 ὅτι
323 2722 360 2784 αἱ
382 2723 452 2800 ΖΘ,
475 2721 546 2782 ΘΗ
612 2793 623 2809 s

124 2818 539 2907 ἐφάπτονταιτύντομῶν.

70 2937 104 2984 25
192 2926 378 3012 ἐπεζεύχθω
393 2924 414 3011 ἡ
428 2934 504 3013 ΕΘ·
530 2927 707 3013 διάμετρος
726 2926 791 3013 ἀρα
806 2929 896 2996 ἐστὶν
912 2926 931 3014 ἡ
947 2937 1011 2996 ΕΘ
1026 2927 1134 3017 ὀρθία,

123 3033 245 3113 πλαγία
274 3030 311 3096 δέ
339 3035 481 3118 σνζνχής
508 3032 592 3121 αύτή
620 3032 640 3120 ή
670 3033 727 3101 διὰ
755 3038 816 3102 τοῦ
844 3037 984 3120 κέντρον
1010 3039 1050 3124 τῇ
1080 3042 1109 3104 Γ
1106 3041 1135 3101 Δ

122 3132 335 3220 παράλληλος
357 3135 516 3225 ἀγομένη.
558 3141 711 3227 εἰλήφθω
735 3140 772 3208 τὸ
796 3142 936 3226 κέντρον
960 3140 998 3208 τὸ
1024 3149 1063 3227 Χ,
1086 3141 1135 3209 καὶ

193 3335 218 3385 4,
243 3325 260 3400 ἡ
281 3331 354 3402 ΗΕ]
375 3346 428 3385 om.
448 3332 485 3398 V3
506 3349 575 3388 corr.
596 3355 623 3405 p.
698 3343 722 3391 7.
747 3333 799 3391 ούκ
821 3333 877 3402 ἀρα
897 3332 1008 3408 ἀνισύς]
1028 3336 1133 3401 addidi;

123 3419 177 3457 om.
197 3403 230 3457 V.
295 3408 336 3455 14.
357 3397 542 3470 ἐφάπτωνται
560 3405 598 3472 V3
619 3423 688 3460 corr.
709 3424 757 3477 pc.
831 3414 873 3461 24.
895 3403 1080 3474 ἐφάπτωνται
1099 3407 1134 3471 V;

122 3474 195 3529 infra
214 3495 235 3528 ω
255 3474 367 3527 macula
386 3477 430 3526 est
449 3475 516 3542 (o?);
536 3491 606 3530 corr.
626 3494 653 3544 p.
