2438 3892
140 148 204 211 112
534 151 701 206 ΚΩΝΙΚΩΝ
719 151 761 208 α’.

139 297 211 358 ΖΒ·
249 287 294 371 ὡς
317 289 382 420 ἄρα
405 288 426 379 6
446 299 512 359 ΖΔ
530 292 614 380 πρὸς
633 300 714 380 ΔΒ,
736 291 758 381 6
778 302 839 363 ΖΒ
858 294 943 384 πρὸς
960 305 1034 369 ΒΕ.
1076 297 1154 370 ἄνα-

137 396 367 527 στρέψαντι”
346 426 411 485 αρα
444 396 603 484 έστίν,“
581 427 626 479 ιος
656 397 677 487 6
711 408 778 468 ΑΖ
810 401 894 490 πρὸς
927 411 1053 492 ΖΒ,ν
1046 403 1054 429 ‘
1093 415 1152 476 ΒΖ

136 502 220 634 πρὸς
243 513 313 574 ΖΕ.
361 505 477 574 ίσον’
463 505 571 595 οίρα
553 507 622 575 ἐστὶ

135 609 173 679 τὸ
197 609 264 681 ὑπὸ
282 620 384 680 ΔΖΕ
404 624 450 706 τῷ
471 611 535 681 ἀπὸ
551 620 621 682 ΒΖ.

100 713 222 786 ὁᾶλλὰ
257 720 295 785 τὸ
333 719 394 806 μὲν
430 717 624 788 ὑπὸΑΖΕ

136 832 212 892 ίσον
245 825 313 893 ἐστὶ
345 829 390 917 τῷ
423 824 488 893 ὑπὸ
520 833 620 894 ΔΕΖ
672 655 925 854 ΔΑ

133 930 189 997 καὶ
220 957 266 1021 τῳ
302 929 366 998 ἀπὸ
399 939 477 1015 ΖΕ,
508 931 545 999 τὸ
579 931 617 999 δὲ

137 1034 201 1104 ἀπὸ
226 999 288 1103 ΒΖ
317 1045 392 1105 ίσον
416 1037 484 1106 ἐστὶ
511 1042 557 1129 τῷ
580 1036 646 1107 ὑπὸ
670 1047 769 1107 ΑΕΒ
798 1043 878 1127 μετὰ
901 1053 963 1110 τοῦ
990 1040 1058 1110 ἀπὸ
1083 1052 1150 1113 ΖΕ.

133 1140 251 1210 κοινὸν
278 1142 470 1233 ἀφῃρήσθω
496 1144 534 1213 τὸ
559 1143 623 1213 ίιπδ
649 1153 725 1213 ΕΖ·
775 1144 895 1215 λοιπὸν
922 1145 988 1232 ἄρα
1016 1142 1054 1216 τὸ
1085 1148 1146 1219 ὑπὸ

82 1268 115 1317 10
134 1257 234 1318 ΔΕΖ
263 1255 366 1344 λοιπῷ
394 1263 440 1344 τῷ
464 1249 530 1319 ὑπὸ
555 1260 655 1319 ΑΕΒ
689 1262 765 1321 ίσον
789 1258 889 1321 ἔσται.
940 1251 985 1334 ὡς
1015 1254 1083 1342 ἄρα
1113 1255 1147 1325 τὸ

133 1355 198 1427 ὑπὸ
219 1366 319 1426 ΔΕΖ
338 1357 453 1535 πρδςλ
438 1353 477 1426 τὸ
496 1352 562 1426 ἀπὸ
577 1365 655 1445 ΓΕ,
679 1356 785 1439 οὕτως
803 1358 841 1428 τδ
861 1357 926 1428 ὑπὸ
945 1368 1049 1428 ΑΕΒ
1068 1365 1147 1450 πρὸς

131 1455 169 1534 τὸ
190 1463 254 1534 ἀπὸ
275 1463 412 1535 ΓΕίι
433 1463 531 1546 λὀδς
552 1467 590 1533 τδ
610 1463 676 1533 ὑπδ
694 1473 794 1533 ΑΕΒ
818 1466 901 1554 πρὸς
923 1465 960 1535 τὸ
981 1465 1050 1536 ἀπὸ
1073 1476 1144 1555 ΓΕ,

131 1569 152 1658 6
180 1579 303 1659 πλαγία
330 1475 432 1659 πρὸςλ
439 1571 502 1659 τῆν
531 1571 664 1658 ὀρθίαν.
715 1569 759 1652 ὡς
792 1571 857 1700 ἄρα
884 1571 921 1642 τὸ
951 1570 1017 1643 ὑπὸ
1048 1583 1144 1644 ΔΕΖ

131 1677 215 1767 πρὸς
237 1675 317 1747 τὸ’
299 1678 363 1746 απὸ
389 1678 507 1765 ΕΓ,
490 1706 510 1766 η
533 1683 656 1763 πλαγία
679 1676 763 1763 πρὸς
785 1676 847 1765 τῆν
870 1676 1005 1766 ὀρθίαν.

78 1907 110 1956 ιι
606 1872 670 1959 λη’·

194 1994 274 2064 Ἐὰν
298 1995 485 2085 ὑπερβολῆς
507 1993 528 2085 6
553 2000 728 2080 ἐλλείψεως
748 1993 770 2083 6
789 1996 916 2065 κύκλου
934 2007 1143 2087 περιφερείας

130 2103 248 2171 εὐθεῖα
281 2103 491 2184 ἐπιψαύουσα
524 2110 692 2193 συμπίπτῃ
726 2107 765 2193 τῆ
800 2103 938 2195 δευτέρῳ
970 2109 1142 2199 διαμέτρῳ,

127 2209 183 2276 καὶ
217 2207 281 2278 ἀπὸ
313 2221 371 2297 τῆς
405 2209 495 2299 ἁφῆς
527 2208 643 2280 εὐθεῖα
675 2214 826 2299 παταχθῆ
859 2209 912 2278 ἐπὶ
936 2209 1008 2298 τῆν
1039 2211 1141 2300 αὐτὴν

128 2315 308 2405 διάμετρον
331 2317 542 2406 παράλληλος
563 2322 602 2405 τῆ
628 2317 721 2406 ἑτέρῳ
745 2318 926 2409 διαμέτρῳ,
950 2316 970 2403 6
996 2316 1141 2407 ιἰπολαμ-

74 2441 108 2490 20
127 2427 297 2513 βανομένη
322 2421 440 2493 εὐθεῖα
462 2423 527 2492 ὑπὸ
551 2427 610 2510 τῆς
627 2424 833 2510 κατηγμένης
850 2421 934 2511 πρὸς
951 2428 998 2516 τῷ
1017 2427 1140 2518 κέντρῳ

124 2536 183 2618 τῆς
212 2536 314 2620 τομῆς
347 2530 425 2618 μετδι
460 2530 521 2618 μὲν
553 2535 611 2616 τῆς
643 2528 963 2616 ἀπολαμβανομένης
992 2527 1059 2600 ὑπὸ
1087 2537 1142 2620 τῆς

125 2639 355 2725 ἐφαπτομένης
377 2638 461 2725 πρὸς
483 2642 528 2730 τῷ
551 2639 677 2728 κέντρῳ
700 2640 759 2722 τῆς
781 2639 884 2722 τομῆς
907 2645 983 2704 ἴσον
1002 2641 1141 2726 περιέξει

112 2747 170 2833 ’τῷ
201 2741 265 2811 ἀπὸ
293 2748 351 2830 τῆς
378 2743 530 2832 ἡμισείας
556 2747 615 2829 τῆς
643 2743 799 2831 δευτέρας
827 2744 1008 2829 διαμέτρου
1030 2772 1140 2832 τετρα-

125 2847 239 2937 γοίνῳ,
272 2849 351 2934 μετὰ
384 2849 420 2918 δὲ
447 2854 506 2937 τῆς
534 2849 655 2937 μεταξὺ
681 2853 739 2935 τῆς
766 2850 973 2935 κατηγμένης
999 2853 1056 2919 καὶ
1083 2864 1140 2940 τῆς

71 2967 105 3016 23
125 2954 355 3041 ἐφαπτομένης
377 2957 518 3041 περιέξει
541 2963 664 3043 χωρίον
687 2954 791 3040 λόγον
816 2960 892 3041 ἕχον
916 2954 999 3042 πρὸς
1017 2958 1055 3027 τὸ
1076 2957 1139 3026 ἀπὸ

123 3062 182 3144 τῆς
208 3063 429 3147 πατηγμένης,
458 3060 498 3129 δν
527 3068 592 3150 ἔχει
615 3059 636 3149 6
662 3060 764 3151 ὀρθία
786 3066 848 3129 τοῦ
876 3065 989 3142 είδονς
1012 3063 1137 3153 πλευρὰ

123 3162 206 3253 πρὸς
228 3164 290 3251 τῆν
313 3173 465 3253 πλαγίαν.

194 3367 219 3415 3.
238 3357 337 3415 ἴσον
319 3383 354 3429 aq
357 3382 375 3415 α
395 3357 516 3434 ἒ;σιί]ο
541 3380 620 3418 euan.
641 3364 674 3430 V,
699 3379 757 3434 rep
776 3382 832 3434 mg
852 3381 889 3419 m.
908 3380 963 3419 rec.
1056 3372 1081 3422 4.
1099 3365 1136 3437 τῷ

123 3427 241 3504 ἆπό]ο;
261 3448 341 3488 enan.
339 3383 393 3499 (³,V
412 3450 469 3503 rep
490 3452 546 3503 mg.
566 3453 603 3488 m
622 3451 678 3490 rec.
753 3441 794 3491 10
815 3435 955 3507 λοιπῳ-
977 3442 1018 3491 11
1039 3420 1136 3524 ΔΕΖ]

122 3519 176 3558 om.
200 3503 234 3571 V,
259 3519 327 3558 corr.
347 3474 457 3573 Ha'lley
514 3511 555 3561 15.
576 3502 681 3578 λη’,]μ
702 3522 756 3562 om
776 3505 809 3574 V,
828 3525 865 3560 m.
885 3490 947 3561 ’2ο
1004 3514 1048 3562 21.
1067 3527 1136 3578 μετα
