<?xml version="1.0" encoding="UTF-8"?>
<!DOCTYPE html PUBLIC "-//W3C//DTD XHTML 1.0 Transitional//EN"
    "http://www.w3.org/TR/xhtml1/DTD/xhtml1-transitional.dtd">
<html xmlns="http://www.w3.org/1999/xhtml" xml:lang="en" lang="en">
 <head>
  <title>
</title>
<meta http-equiv="Content-Type" content="text/html;charset=utf-8" />
  <meta name='ocr-system' content='tesseract 3.04.00' />
  <meta name='ocr-capabilities' content='ocr_page ocr_carea ocr_par ocr_line ocrx_word'/>
</head>
<body>
  <div class='ocr_page' id='page_1' title='image "./apolloniipergae00apolgoog_0109.png"; bbox 0 0 2438 3892; ppageno 0'>
   <div class='ocr_carea' id='block_1_1' title="bbox 424 114 1119 181">
    <p class='ocr_par' dir='ltr' id='par_1_1' title="bbox 424 114 1119 181">
     <span class='ocr_line' id='line_1_1' title="bbox 424 114 1119 181; baseline 0 -15"><span class='ocrx_word' id='word_1_1' title='bbox 424 114 638 168; x_wconf 77' lang='lat' dir='ltr'>comcoeun</span> <span class='ocrx_word' id='word_1_2' title='bbox 655 116 765 167; x_wconf 77' lang='lat' dir='ltr'>urere</span> <span class='ocrx_word' id='word_1_3' title='bbox 782 119 803 171; x_wconf 91' lang='lat'>1.</span> <span class='ocrx_word' id='word_1_4' title='bbox 1077 116 1119 181; x_wconf 73' lang='lat'>73</span> 
     </span>
    </p>
   </div>
   <div class='ocr_carea' id='block_1_2' title="bbox 102 258 1121 1090">
    <p class='ocr_par' dir='ltr' id='par_1_2' title="bbox 102 258 1121 1090">
     <span class='ocr_line' id='line_1_2' title="bbox 102 258 1120 344; baseline 0.003 -19"><span class='ocrx_word' id='word_1_5' title='bbox 102 261 196 325; x_wconf 84' lang='lat' dir='ltr'>recte</span> <span class='ocrx_word' id='word_1_6' title='bbox 214 258 257 325; x_wconf 80' lang='lat' dir='ltr'>ub</span> <span class='ocrx_word' id='word_1_7' title='bbox 274 264 308 324; x_wconf 90' lang='lat' dir='ltr'><em>A</em></span> <span class='ocrx_word' id='word_1_8' title='bbox 324 262 432 324; x_wconf 84' lang='lat' dir='ltr'>rectae</span> <span class='ocrx_word' id='word_1_9' title='bbox 451 258 598 323; x_wconf 84' lang='lat' dir='ltr'>ordinate</span> <span class='ocrx_word' id='word_1_10' title='bbox 617 259 732 325; x_wconf 87' lang='lat' dir='ltr'>ductee</span> <span class='ocrx_word' id='word_1_11' title='bbox 745 260 903 344; x_wconf 77' lang='lat' dir='ltr'>parallelo</span> <span class='ocrx_word' id='word_1_12' title='bbox 917 261 1014 327; x_wconf 84' lang='lat' dir='ltr'>ductu</span> <span class='ocrx_word' id='word_1_13' title='bbox 1027 267 1120 329; x_wconf 83' lang='lat' dir='ltr'>extre</span> 
     </span>
     <span class='ocr_line' id='line_1_3' title="bbox 104 364 1121 451; baseline 0.003 -19"><span class='ocrx_word' id='word_1_14' title='bbox 104 366 283 433; x_wconf 80' lang='lat' dir='ltr'>sectionem</span> <span class='ocrx_word' id='word_1_15' title='bbox 315 365 402 431; x_wconf 83' lang='lat' dir='ltr'>cedit</span> <span class='ocrx_word' id='word_1_16' title='bbox 434 367 529 449; x_wconf 89' lang='lat' dir='ltr'>[prop</span> <span class='ocrx_word' id='word_1_17' title='bbox 558 364 668 448; x_wconf 89' lang='lat' dir='ltr'><strong>XVII]</strong></span> <span class='ocrx_word' id='word_1_18' title='bbox 674 417 683 451; x_wconf 90' lang='lat'><em>,</em></span> <span class='ocrx_word' id='word_1_19' title='bbox 716 370 749 432; x_wconf 87' lang='lat' dir='ltr'>et</span> <span class='ocrx_word' id='word_1_20' title='bbox 776 388 848 432; x_wconf 90' lang='lat' dir='ltr'>cum</span> <span class='ocrx_word' id='word_1_21' title='bbox 874 367 932 432; x_wconf 85' lang='lat' dir='ltr'>illa</span> <span class='ocrx_word' id='word_1_22' title='bbox 959 372 1121 435; x_wconf 87' lang='lat' dir='ltr'>concurrit</span> 
     </span>
     <span class='ocr_line' id='line_1_4' title="bbox 102 472 1119 559; baseline 0.003 -22"><span class='ocrx_word' id='word_1_23' title='bbox 102 472 184 557; x_wconf 83' lang='grc' dir='ltr'>ΑΔ,</span> <span class='ocrx_word' id='word_1_24' title='bbox 207 475 241 537; x_wconf 93' lang='lat' dir='ltr'>et</span> <span class='ocrx_word' id='word_1_25' title='bbox 260 475 325 538; x_wconf 88' lang='grc' dir='ltr'>ΒΓ</span> <span class='ocrx_word' id='word_1_26' title='bbox 338 476 446 537; x_wconf 83' lang='lat' dir='ltr'>rectae</span> <span class='ocrx_word' id='word_1_27' title='bbox 465 472 612 538; x_wconf 83' lang='lat' dir='ltr'>ordinate</span> <span class='ocrx_word' id='word_1_28' title='bbox 631 473 746 539; x_wconf 83' lang='lat' dir='ltr'>ductae</span> <span class='ocrx_word' id='word_1_29' title='bbox 764 475 921 558; x_wconf 78' lang='lat' dir='ltr'>parallelo</span> <span class='ocrx_word' id='word_1_30' title='bbox 940 478 999 559; x_wconf 87' lang='lat' dir='ltr'>est,</span> <span class='ocrx_word' id='word_1_31' title='bbox 1022 476 1119 540; x_wconf 85' lang='lat' dir='ltr'>etiem</span> 
     </span>
     <span class='ocr_line' id='line_1_5' title="bbox 102 580 1120 665; baseline 0.002 -20"><span class='ocrx_word' id='word_1_32' title='bbox 102 580 173 645; x_wconf 88' lang='grc' dir='ltr'>ΒΓ</span> <span class='ocrx_word' id='word_1_33' title='bbox 194 601 269 645; x_wconf 91' lang='lat' dir='ltr'>oum</span> <span class='ocrx_word' id='word_1_34' title='bbox 291 583 362 645; x_wconf 85' lang='grc' dir='ltr'>ΑΔ</span> <span class='ocrx_word' id='word_1_35' title='bbox 389 582 569 646; x_wconf 77' lang='lat' dir='ltr'>concurret.</span> <span class='ocrx_word' id='word_1_36' title='bbox 615 581 649 643; x_wconf 92' lang='lat' dir='ltr'>et</span> <span class='ocrx_word' id='word_1_37' title='bbox 676 580 745 645; x_wconf 87' lang='lat' dir='ltr'>siue</span> <span class='ocrx_word' id='word_1_38' title='bbox 767 580 853 645; x_wconf 89' lang='lat' dir='ltr'>inter</span> <span class='ocrx_word' id='word_1_39' title='bbox 873 585 996 665; x_wconf 86' lang='lat' dir='ltr'>puncto</span> <span class='ocrx_word' id='word_1_40' title='bbox 1019 587 1063 665; x_wconf 88' lang='lat' dir='ltr'>A,</span> <span class='ocrx_word' id='word_1_41' title='bbox 1086 588 1120 647; x_wconf 79' lang='lat' dir='ltr'><em>A</em></span> 
     </span>
     <span class='ocr_line' id='line_1_6' title="bbox 102 685 1119 771; baseline 0.001 -19"><span class='ocrx_word' id='word_1_42' title='bbox 102 686 283 771; x_wconf 71' lang='lat' dir='ltr'>concurrit,</span> <span class='ocrx_word' id='word_1_43' title='bbox 314 685 522 751; x_wconf 80' lang='lat' dir='ltr'>menifestum</span> <span class='ocrx_word' id='word_1_44' title='bbox 556 690 619 770; x_wconf 85' lang='lat' dir='ltr'>est,</span> <span class='ocrx_word' id='word_1_45' title='bbox 651 708 722 751; x_wconf 82' lang='lat' dir='ltr'>eom</span> <span class='ocrx_word' id='word_1_46' title='bbox 750 687 850 753; x_wconf 84' lang='lat' dir='ltr'>etiem</span> <span class='ocrx_word' id='word_1_47' title='bbox 878 709 950 753; x_wconf 91' lang='lat' dir='ltr'>cum</span> <span class='ocrx_word' id='word_1_48' title='bbox 978 690 1119 754; x_wconf 76' lang='lat' dir='ltr'>sectione</span> 
     </span>
     <span class='ocr_line' id='line_1_7' title="bbox 103 793 1120 886; baseline 0.002 -27"><span class='ocrx_word' id='word_1_49' title='bbox 103 813 309 879; x_wconf 85' lang='lat' dir='ltr'>concurrere,</span> <span class='ocrx_word' id='word_1_50' title='bbox 341 793 410 857; x_wconf 87' lang='lat' dir='ltr'>siue</span> <span class='ocrx_word' id='word_1_51' title='bbox 442 796 533 857; x_wconf 84' lang='lat' dir='ltr'>extre</span> <span class='ocrx_word' id='word_1_52' title='bbox 564 796 598 886; x_wconf 84' lang='grc' dir='ltr'><em>Δ</em></span> <span class='ocrx_word' id='word_1_53' title='bbox 630 795 794 860; x_wconf 77' lang='lat' dir='ltr'>concurrit</span> <span class='ocrx_word' id='word_1_54' title='bbox 823 795 923 859; x_wconf 79' lang='lat' dir='ltr'>utin</span> <span class='ocrx_word' id='word_1_55' title='bbox 955 798 997 876; x_wconf 90' lang='lat' dir='ltr'>E,</span> <span class='ocrx_word' id='word_1_56' title='bbox 1029 796 1120 879; x_wconf 91' lang='lat' dir='ltr'>prius</span> 
     </span>
     <span class='ocr_line' id='line_1_8' title="bbox 102 899 1121 984; baseline 0.002 -19"><span class='ocrx_word' id='word_1_57' title='bbox 102 920 177 965; x_wconf 91' lang='lat' dir='ltr'>cum</span> <span class='ocrx_word' id='word_1_58' title='bbox 196 899 341 965; x_wconf 78' lang='lat' dir='ltr'>coctione</span> <span class='ocrx_word' id='word_1_59' title='bbox 359 902 536 965; x_wconf 81' lang='lat' dir='ltr'>concurret.</span> <span class='ocrx_word' id='word_1_60' title='bbox 573 920 651 984; x_wconf 84' lang='lat' dir='ltr'>ergo</span> <span class='ocrx_word' id='word_1_61' title='bbox 670 904 759 966; x_wconf 83' lang='lat' dir='ltr'>recte</span> <span class='ocrx_word' id='word_1_62' title='bbox 774 923 792 965; x_wconf 86' lang='lat' dir='ltr'>a</span> <span class='ocrx_word' id='word_1_63' title='bbox 807 906 836 966; x_wconf 90' lang='lat' dir='ltr'><em>B</em></span> <span class='ocrx_word' id='word_1_64' title='bbox 849 904 957 967; x_wconf 81' lang='lat' dir='ltr'>rectae</span> <span class='ocrx_word' id='word_1_65' title='bbox 971 902 1121 968; x_wconf 83' lang='lat' dir='ltr'>ordinate</span> 
     </span>
     <span class='ocr_line' id='line_1_9' title="bbox 102 1006 985 1090; baseline 0.002 -19"><span class='ocrx_word' id='word_1_66' title='bbox 102 1006 220 1072; x_wconf 67' lang='lat' dir='ltr'>ductum</span> <span class='ocrx_word' id='word_1_67' title='bbox 242 1006 403 1090; x_wconf 77' lang='lat' dir='ltr'>parallelo</span> <span class='ocrx_word' id='word_1_68' title='bbox 425 1006 522 1070; x_wconf 85' lang='lat' dir='ltr'>ducta</span> <span class='ocrx_word' id='word_1_69' title='bbox 545 1027 619 1071; x_wconf 90' lang='lat' dir='ltr'>cum</span> <span class='ocrx_word' id='word_1_70' title='bbox 642 1008 784 1072; x_wconf 81' lang='lat' dir='ltr'>sectione</span> <span class='ocrx_word' id='word_1_71' title='bbox 808 1012 985 1074; x_wconf 83' lang='lat' dir='ltr'>concurret</span> 
     </span>
    </p>
   </div>
   <div class='ocr_carea' id='block_1_3' title="bbox 578 1200 648 1265">
    <p class='ocr_par' dir='ltr' id='par_1_3' title="bbox 578 1200 648 1265">
     <span class='ocr_line' id='line_1_10' title="bbox 578 1200 648 1265; baseline -0.014 0"><span class='ocrx_word' id='word_1_72' title='bbox 578 1200 648 1265; x_wconf 92' lang='lat' dir='ltr'>XX.</span> 
     </span>
    </p>
   </div>
   <div class='ocr_carea' id='block_1_4' title="bbox 102 1324 1119 1955">
    <p class='ocr_par' dir='ltr' id='par_1_4' title="bbox 170 1324 1117 1410">
     <span class='ocr_line' id='line_1_11' title="bbox 170 1324 1117 1410; baseline 0.004 -19"><span class='ocrx_word' id='word_1_73' title='bbox 170 1324 207 1392; x_wconf 86' lang='lat' dir='ltr'>Si</span> <span class='ocrx_word' id='word_1_74' title='bbox 225 1326 260 1390; x_wconf 93' lang='lat' dir='ltr'>in</span> <span class='ocrx_word' id='word_1_75' title='bbox 277 1324 434 1410; x_wconf 76' lang='lat' dir='ltr'>parabole</span> <span class='ocrx_word' id='word_1_76' title='bbox 452 1347 472 1389; x_wconf 87' lang='lat' dir='ltr'>e</span> <span class='ocrx_word' id='word_1_77' title='bbox 491 1325 633 1390; x_wconf 79' lang='lat' dir='ltr'>sectione</span> <span class='ocrx_word' id='word_1_78' title='bbox 652 1326 733 1392; x_wconf 86' lang='lat' dir='ltr'>duae</span> <span class='ocrx_word' id='word_1_79' title='bbox 747 1330 853 1392; x_wconf 83' lang='lat' dir='ltr'>rectae</span> <span class='ocrx_word' id='word_1_80' title='bbox 868 1327 908 1392; x_wconf 85' lang='lat' dir='ltr'>ad</span> <span class='ocrx_word' id='word_1_81' title='bbox 923 1328 1117 1395; x_wconf 80' lang='lat' dir='ltr'>diametrum</span> 
     </span>
    </p>

    <p class='ocr_par' dir='ltr' id='par_1_5' title="bbox 102 1432 1119 1519">
     <span class='ocr_line' id='line_1_12' title="bbox 102 1432 1119 1519; baseline 0.001 -20"><span class='ocrx_word' id='word_1_82' title='bbox 102 1432 254 1499; x_wconf 80' lang='lat' dir='ltr'>ordinate</span> <span class='ocrx_word' id='word_1_83' title='bbox 288 1433 462 1516; x_wconf 89' lang='lat' dir='ltr'>ducuntur,</span> <span class='ocrx_word' id='word_1_84' title='bbox 495 1437 601 1519; x_wconf 84' lang='lat' dir='ltr'>erunt,</span> <span class='ocrx_word' id='word_1_85' title='bbox 633 1438 671 1498; x_wconf 90' lang='lat' dir='ltr'>ut</span> <span class='ocrx_word' id='word_1_86' title='bbox 703 1433 862 1518; x_wconf 80' lang='lat' dir='ltr'>quadrata</span> <span class='ocrx_word' id='word_1_87' title='bbox 893 1456 1003 1499; x_wconf 81' lang='lat' dir='ltr'>esrum</span> <span class='ocrx_word' id='word_1_88' title='bbox 1033 1436 1119 1501; x_wconf 86' lang='lat' dir='ltr'>inter</span> 
     </span>
    </p>

    <p class='ocr_par' dir='ltr' id='par_1_6' title="bbox 236 1541 1117 1719">
     <span class='ocr_line' id='line_1_13' title="bbox 236 1541 1117 1656; baseline -0.006 -44"><span class='ocrx_word' id='word_1_89' title='bbox 236 1568 314 1656; x_wconf 61' lang='grc' dir='ltr'>ΓΔ</span> <span class='ocrx_word' id='word_1_90' title='bbox 422 1568 471 1631; x_wconf 92' lang='lat' dir='ltr'>se,</span> <span class='ocrx_word' id='word_1_91' title='bbox 502 1545 550 1609; x_wconf 79' lang='lat' dir='ltr'>ite</span> <span class='ocrx_word' id='word_1_92' title='bbox 576 1547 684 1607; x_wconf 82' lang='lat' dir='ltr'>rectae</span> <span class='ocrx_word' id='word_1_93' title='bbox 713 1542 754 1606; x_wconf 87' lang='lat' dir='ltr'>cb</span> <span class='ocrx_word' id='word_1_94' title='bbox 782 1541 822 1604; x_wconf 89' lang='lat' dir='ltr'>iis</span> <span class='ocrx_word' id='word_1_95' title='bbox 851 1561 868 1605; x_wconf 90' lang='lat' dir='ltr'>e</span> <span class='ocrx_word' id='word_1_96' title='bbox 897 1541 1053 1607; x_wconf 80' lang='lat' dir='ltr'>diametro</span> <span class='ocrx_word' id='word_1_97' title='bbox 1077 1543 1117 1607; x_wconf 84' lang='lat' dir='ltr'>ad</span> 
     </span>
     <span class='ocr_line' id='line_1_14' title="bbox 421 1647 932 1719; baseline -0.014 0"><span class='ocrx_word' id='word_1_98' title='bbox 421 1652 578 1719; x_wconf 90' lang='lat' dir='ltr'>uerticem</span> <span class='ocrx_word' id='word_1_99' title='bbox 601 1648 753 1714; x_wconf 87' lang='lat' dir='ltr'>sectionis</span> <span class='ocrx_word' id='word_1_100' title='bbox 778 1647 932 1713; x_wconf 82' lang='lat' dir='ltr'>abscisse.</span> 
     </span>
    </p>

    <p class='ocr_par' dir='ltr' id='par_1_7' title="bbox 490 1755 1118 1842">
     <span class='ocr_line' id='line_1_15' title="bbox 490 1755 1118 1842; baseline -0.003 -19"><span class='ocrx_word' id='word_1_101' title='bbox 490 1758 535 1824; x_wconf 90' lang='lat' dir='ltr'>sit</span> <span class='ocrx_word' id='word_1_102' title='bbox 556 1756 725 1842; x_wconf 80' lang='lat' dir='ltr'>parabole,</span> <span class='ocrx_word' id='word_1_103' title='bbox 753 1755 844 1820; x_wconf 86' lang='lat' dir='ltr'>cuius</span> <span class='ocrx_word' id='word_1_104' title='bbox 874 1756 1048 1821; x_wconf 82' lang='lat' dir='ltr'>diametrus</span> <span class='ocrx_word' id='word_1_105' title='bbox 1073 1757 1118 1821; x_wconf 89' lang='lat' dir='ltr'>sit</span> 
     </span>
    </p>

    <p class='ocr_par' dir='ltr' id='par_1_8' title="bbox 104 1862 1117 1955">
     <span class='ocr_line' id='line_1_16' title="bbox 104 1862 1117 1955; baseline -0.003 -25"><span class='ocrx_word' id='word_1_106' title='bbox 104 1862 138 1917; x_wconf 80' lang='grc' dir='ltr'><em>Α</em></span> <span class='ocrx_word' id='word_1_107' title='bbox 347 1906 380 1955; x_wconf 70' lang='lat' dir='ltr'><em>B</em></span> <span class='ocrx_word' id='word_1_108' title='bbox 422 1869 497 1950; x_wconf 91' lang='lat' dir='ltr'>AB,</span> <span class='ocrx_word' id='word_1_109' title='bbox 517 1867 550 1928; x_wconf 91' lang='lat' dir='ltr'>et</span> <span class='ocrx_word' id='word_1_110' title='bbox 567 1864 602 1928; x_wconf 90' lang='lat' dir='ltr'>in</span> <span class='ocrx_word' id='word_1_111' title='bbox 620 1884 658 1928; x_wconf 85' lang='lat' dir='ltr'>ee</span> <span class='ocrx_word' id='word_1_112' title='bbox 677 1865 798 1947; x_wconf 82' lang='lat' dir='ltr'>puncta</span> <span class='ocrx_word' id='word_1_113' title='bbox 817 1862 928 1947; x_wconf 82' lang='lat' dir='ltr'>ulique</span> <span class='ocrx_word' id='word_1_114' title='bbox 946 1866 1117 1928; x_wconf 86' lang='lat' dir='ltr'>sumentur</span> 
     </span>
    </p>
   </div>
   <div class='ocr_carea' id='block_1_5' title="bbox 100 1970 1117 2481">
    <p class='ocr_par' dir='ltr' id='par_1_9' title="bbox 100 1970 1117 2481">
     <span class='ocr_line' id='line_1_17' title="bbox 422 1970 1116 2056; baseline -0.003 -20"><span class='ocrx_word' id='word_1_115' title='bbox 422 1974 462 2056; x_wconf 86' lang='grc' dir='ltr'>Γ,</span> <span class='ocrx_word' id='word_1_116' title='bbox 486 1974 532 2053; x_wconf 88' lang='grc' dir='ltr'>Δ,</span> <span class='ocrx_word' id='word_1_117' title='bbox 565 1973 598 2035; x_wconf 90' lang='lat' dir='ltr'>et</span> <span class='ocrx_word' id='word_1_118' title='bbox 627 1992 647 2035; x_wconf 87' lang='lat' dir='ltr'>e</span> <span class='ocrx_word' id='word_1_119' title='bbox 674 1972 715 2052; x_wconf 84' lang='grc' dir='ltr'>Γ,</span> <span class='ocrx_word' id='word_1_120' title='bbox 738 1973 772 2031; x_wconf 87' lang='grc' dir='ltr'><em>Λ</em></span> <span class='ocrx_word' id='word_1_121' title='bbox 804 1970 844 2033; x_wconf 87' lang='lat' dir='ltr'>ad</span> <span class='ocrx_word' id='word_1_122' title='bbox 872 1973 938 2033; x_wconf 88' lang='lat' dir='ltr'>AB</span> <span class='ocrx_word' id='word_1_123' title='bbox 969 1970 1116 2035; x_wconf 85' lang='lat' dir='ltr'>ordinate</span> 
     </span>
     <span class='ocr_line' id='line_1_18' title="bbox 422 2076 1003 2160; baseline -0.003 -17"><span class='ocrx_word' id='word_1_124' title='bbox 422 2078 580 2143; x_wconf 84' lang='lat' dir='ltr'>ducuntur</span> <span class='ocrx_word' id='word_1_125' title='bbox 602 2080 678 2159; x_wconf 87' lang='grc' dir='ltr'>ΓΕ,</span> <span class='ocrx_word' id='word_1_126' title='bbox 701 2080 775 2141; x_wconf 91' lang='grc' dir='ltr'>ΔΖ.</span> <span class='ocrx_word' id='word_1_127' title='bbox 822 2076 909 2160; x_wconf 88' lang='lat' dir='ltr'>dico,</span> <span class='ocrx_word' id='word_1_128' title='bbox 933 2098 1003 2141; x_wconf 89' lang='lat' dir='ltr'>csse</span> 
     </span>
     <span class='ocr_line' id='line_1_19' title="bbox 546 2180 993 2250; baseline 0.002 -3"><span class='ocrx_word' id='word_1_129' title='bbox 546 2180 647 2248; x_wconf 54' lang='lat'><em>[12²2</em></span> <span class='ocrx_word' id='word_1_130' title='bbox 663 2180 745 2250; x_wconf 66' lang='lat' dir='ltr'>PE*</span> <span class='ocrx_word' id='word_1_131' title='bbox 760 2214 801 2237; x_wconf 81' lang='lat'>==</span> <span class='ocrx_word' id='word_1_132' title='bbox 817 2187 903 2249; x_wconf 89' lang='lat' dir='ltr'>ZA:</span> <span class='ocrx_word' id='word_1_133' title='bbox 918 2188 993 2248; x_wconf 87' lang='lat' dir='ltr'>AE.</span> 
     </span>
     <span class='ocr_line' id='line_1_20' title="bbox 422 2289 1117 2376; baseline -0.006 -21"><span class='ocrx_word' id='word_1_134' title='bbox 422 2292 465 2356; x_wconf 89' lang='lat' dir='ltr'>sit</span> <span class='ocrx_word' id='word_1_135' title='bbox 488 2292 574 2357; x_wconf 90' lang='lat' dir='ltr'>enim</span> <span class='ocrx_word' id='word_1_136' title='bbox 596 2295 796 2376; x_wconf 84' lang='lat' dir='ltr'>paremetrus</span> <span class='ocrx_word' id='word_1_137' title='bbox 821 2295 853 2354; x_wconf 88' lang='lat' dir='ltr'><em>A</em></span> <span class='ocrx_word' id='word_1_138' title='bbox 859 2294 900 2354; x_wconf 91' lang='lat' dir='ltr'>H.</span> <span class='ocrx_word' id='word_1_139' title='bbox 942 2294 992 2352; x_wconf 87' lang='lat' dir='ltr'>est</span> <span class='ocrx_word' id='word_1_140' title='bbox 1013 2289 1117 2373; x_wconf 84' lang='lat' dir='ltr'>igitur</span> 
     </span>
     <span class='ocr_line' id='line_1_21' title="bbox 100 2394 1116 2481; baseline -0.001 -22"><span class='ocrx_word' id='word_1_141' title='bbox 100 2396 212 2481; x_wconf 88' lang='lat' dir='ltr'>[prop.</span> <span class='ocrx_word' id='word_1_142' title='bbox 240 2394 304 2478; x_wconf 90' lang='lat' dir='ltr'>XI]</span> <span class='ocrx_word' id='word_1_143' title='bbox 347 2394 427 2461; x_wconf 79' lang='lat' dir='ltr'>Az²</span> <span class='ocrx_word' id='word_1_144' title='bbox 442 2428 483 2450; x_wconf 88' lang='lat'><em>=</em></span> <span class='ocrx_word' id='word_1_145' title='bbox 500 2401 563 2461; x_wconf 86' lang='grc' dir='ltr'>ΖΑ</span> <span class='ocrx_word' id='word_1_146' title='bbox 577 2413 620 2466; x_wconf 93' lang='grc'>&gt;&lt;</span> <span class='ocrx_word' id='word_1_147' title='bbox 634 2401 717 2477; x_wconf 88' lang='grc' dir='ltr'>ΑΗ,</span> <span class='ocrx_word' id='word_1_148' title='bbox 750 2394 828 2461; x_wconf 52' lang='grc' dir='ltr'>ΓΕἢ</span> <span class='ocrx_word' id='word_1_149' title='bbox 841 2427 883 2449; x_wconf 94' lang='lat'><em>=</em></span> <span class='ocrx_word' id='word_1_150' title='bbox 899 2400 965 2459; x_wconf 86' lang='lat' dir='ltr'>EA</span> <span class='ocrx_word' id='word_1_151' title='bbox 978 2409 1021 2462; x_wconf 92' lang='lat'>&gt;&lt;</span> <span class='ocrx_word' id='word_1_152' title='bbox 1038 2399 1116 2460; x_wconf 87' lang='lat' dir='ltr'>AH.</span> 
     </span>
    </p>
   </div>
   <div class='ocr_carea' id='block_1_6' title="bbox 97 2522 971 2661">
    <p class='ocr_par' dir='ltr' id='par_1_10' title="bbox 97 2522 971 2661">
     <span class='ocr_line' id='line_1_22' title="bbox 97 2522 971 2661; baseline 0.001 -7"><span class='ocrx_word' id='word_1_153' title='bbox 97 2522 199 2587; x_wconf 64' lang='lat' dir='ltr'>qum</span> <span class='ocrx_word' id='word_1_154' title='bbox 253 2589 445 2658; x_wconf 61' lang='lat' dir='ltr'>AZiti&#39;E2</span> <span class='ocrx_word' id='word_1_155' title='bbox 460 2624 502 2646; x_wconf 91' lang='lat'><em>=</em></span> <span class='ocrx_word' id='word_1_156' title='bbox 517 2597 582 2658; x_wconf 88' lang='grc' dir='ltr'>ΖΑ</span> <span class='ocrx_word' id='word_1_157' title='bbox 596 2608 639 2661; x_wconf 92' lang='grc'>&gt;&lt;</span> <span class='ocrx_word' id='word_1_158' title='bbox 654 2598 748 2657; x_wconf 87' lang='lat' dir='ltr'>AH:</span> <span class='ocrx_word' id='word_1_159' title='bbox 764 2597 830 2656; x_wconf 83' lang='grc' dir='ltr'>ΕΑ</span> <span class='ocrx_word' id='word_1_160' title='bbox 843 2594 971 2660; x_wconf 90' lang='grc' dir='ltr'><em>&gt;&lt;ΑΗ.</em></span> 
     </span>
    </p>
   </div>
   <div class='ocr_carea' id='block_1_7' title="bbox 98 2700 962 3001">
    <p class='ocr_par' dir='ltr' id='par_1_11' title="bbox 98 2700 962 3001">
     <span class='ocr_line' id='line_1_23' title="bbox 98 2700 285 2765; baseline -0.011 0"><span class='ocrx_word' id='word_1_161' title='bbox 98 2700 151 2765; x_wconf 81' lang='lat' dir='ltr'>eet</span> <span class='ocrx_word' id='word_1_162' title='bbox 173 2702 285 2764; x_wconf 83' lang='lat' dir='ltr'>eutem</span> 
     </span>
     <span class='ocr_line' id='line_1_24' title="bbox 257 2808 962 2875; baseline 0 -7"><span class='ocrx_word' id='word_1_163' title='bbox 257 2808 962 2875; x_wconf 72' lang='lat' dir='ltr'><em>ZA&gt;&lt;AH1EA&gt;&lt;AH=ZA2AE</em></span> 
     </span>
     <span class='ocr_line' id='line_1_25' title="bbox 98 2910 771 3001; baseline 0 -22"><span class='ocrx_word' id='word_1_164' title='bbox 98 2934 179 3001; x_wconf 80' lang='lat' dir='ltr'>ergo</span> <span class='ocrx_word' id='word_1_165' title='bbox 203 2911 303 2977; x_wconf 84' lang='lat' dir='ltr'>etiem</span> <span class='ocrx_word' id='word_1_166' title='bbox 327 2910 580 2979; x_wconf 72' lang='lat' dir='ltr'>AZ²:FE²=</span> <span class='ocrx_word' id='word_1_167' title='bbox 597 2916 662 2976; x_wconf 92' lang='grc' dir='ltr'>ΖΑ</span> <span class='ocrx_word' id='word_1_168' title='bbox 676 2936 683 2976; x_wconf 93' lang='lat'><strong>:</strong></span> <span class='ocrx_word' id='word_1_169' title='bbox 699 2918 771 2979; x_wconf 83' lang='grc' dir='ltr'>ΑΕ.</span> 
     </span>
    </p>
   </div>
   <div class='ocr_carea' id='block_1_8' title="bbox 565 3108 652 3173">
    <p class='ocr_par' dir='ltr' id='par_1_12' title="bbox 565 3108 652 3173">
     <span class='ocr_line' id='line_1_26' title="bbox 565 3108 652 3173; baseline 0.011 -1"><span class='ocrx_word' id='word_1_170' title='bbox 565 3108 652 3173; x_wconf 87' lang='lat' dir='ltr'>XXI.</span> 
     </span>
    </p>
   </div>
   <div class='ocr_carea' id='block_1_9' title="bbox 96 3230 1113 3533">
    <p class='ocr_par' dir='ltr' id='par_1_13' title="bbox 96 3230 1113 3533">
     <span class='ocr_line' id='line_1_27' title="bbox 165 3230 1113 3319; baseline 0.001 -20"><span class='ocrx_word' id='word_1_171' title='bbox 165 3230 203 3299; x_wconf 79' lang='lat' dir='ltr'>Si</span> <span class='ocrx_word' id='word_1_172' title='bbox 238 3232 275 3297; x_wconf 92' lang='lat' dir='ltr'>in</span> <span class='ocrx_word' id='word_1_173' title='bbox 310 3231 491 3317; x_wconf 83' lang='lat' dir='ltr'>hyperbole</span> <span class='ocrx_word' id='word_1_174' title='bbox 525 3235 579 3298; x_wconf 90' lang='lat' dir='ltr'>uel</span> <span class='ocrx_word' id='word_1_175' title='bbox 615 3234 721 3319; x_wconf 87' lang='lat' dir='ltr'>ellipsi</span> <span class='ocrx_word' id='word_1_176' title='bbox 757 3236 809 3300; x_wconf 90' lang='lat' dir='ltr'>uel</span> <span class='ocrx_word' id='word_1_177' title='bbox 847 3237 971 3303; x_wconf 82' lang='lat' dir='ltr'>ambitu</span> <span class='ocrx_word' id='word_1_178' title='bbox 1003 3238 1113 3301; x_wconf 89' lang='lat' dir='ltr'>circuli</span> 
     </span>
     <span class='ocr_line' id='line_1_28' title="bbox 96 3338 1113 3427; baseline 0 -22"><span class='ocrx_word' id='word_1_179' title='bbox 96 3343 206 3407; x_wconf 83' lang='lat' dir='ltr'>rectue</span> <span class='ocrx_word' id='word_1_180' title='bbox 220 3339 263 3405; x_wconf 83' lang='lat' dir='ltr'>ad</span> <span class='ocrx_word' id='word_1_181' title='bbox 277 3338 469 3405; x_wconf 82' lang='lat' dir='ltr'>diametrum</span> <span class='ocrx_word' id='word_1_182' title='bbox 485 3340 632 3405; x_wconf 83' lang='lat' dir='ltr'>ordinate</span> <span class='ocrx_word' id='word_1_183' title='bbox 647 3341 814 3426; x_wconf 88' lang='lat' dir='ltr'>ducuntur,</span> <span class='ocrx_word' id='word_1_184' title='bbox 830 3343 987 3427; x_wconf 80' lang='lat' dir='ltr'>quadrata</span> <span class='ocrx_word' id='word_1_185' title='bbox 1002 3364 1113 3406; x_wconf 86' lang='lat' dir='ltr'>earum</span> 
     </span>
     <span class='ocr_line' id='line_1_29' title="bbox 98 3444 1113 3533; baseline -0.001 -20"><span class='ocrx_word' id='word_1_186' title='bbox 98 3444 139 3513; x_wconf 76' lang='lat' dir='ltr'>ed</span> <span class='ocrx_word' id='word_1_187' title='bbox 156 3446 266 3533; x_wconf 79' lang='lat' dir='ltr'>spotia</span> <span class='ocrx_word' id='word_1_188' title='bbox 284 3445 517 3530; x_wconf 86' lang='lat' dir='ltr'>comprehense</span> <span class='ocrx_word' id='word_1_189' title='bbox 534 3448 631 3513; x_wconf 89' lang='lat' dir='ltr'>rectis</span> <span class='ocrx_word' id='word_1_190' title='bbox 650 3449 691 3512; x_wconf 80' lang='lat' dir='ltr'>ab</span> <span class='ocrx_word' id='word_1_191' title='bbox 710 3448 752 3514; x_wconf 91' lang='lat' dir='ltr'>iis</span> <span class='ocrx_word' id='word_1_192' title='bbox 770 3448 812 3513; x_wconf 87' lang='lat' dir='ltr'>ed</span> <span class='ocrx_word' id='word_1_193' title='bbox 829 3450 985 3514; x_wconf 87' lang='lat' dir='ltr'>terminos</span> <span class='ocrx_word' id='word_1_194' title='bbox 999 3449 1113 3513; x_wconf 84' lang='lat' dir='ltr'>lateris</span> 
     </span>
    </p>
   </div>
   <div class='ocr_carea' id='block_1_10' title="bbox 0 0 1224 3892">
    <p class='ocr_par' dir='ltr' id='par_1_14' title="bbox 0 0 1224 3892">
     <span class='ocr_line' id='line_1_30' title="bbox 0 0 1224 3892; baseline 0 0"><span class='ocrx_word' id='word_1_195' title='bbox 0 0 1224 3892; x_wconf 95' lang='lat' dir='ltr'> </span> 
     </span>
    </p>
   </div>
  </div>
 </body>
</html>
