2438 3892
122 123 187 190 160
517 121 684 175 mmm
703 117 743 177 α’·

120 265 261 357 κειμένῳ
286 264 429 356 ἐπιπέδῳ
452 262 659 352 παραβολήν,
681 252 721 350 ής
743 261 921 351 διάμετρος
938 264 1004 353 μὲν
1022 263 1045 354 ή
1063 274 1139 355 ΑΒ,

121 375 255 460 κορυφή
279 370 315 440 δέ
337 368 375 441 τὸ
399 380 442 457 A,
465 367 570 459 ὀρθία
594 369 632 438 δὲ
653 367 675 456 ἡ
698 376 772 457 ΓΔ,
796 373 834 438 at
854 369 893 438 δὲ
914 375 1140 461 καταγόμενα

121 478 388 566 τεταμμένωςιέν
412 474 502 566 ὀρθῇ
526 482 633 568 μωνίῳ
655 475 942 565 καταχθήσουται,
964 483 1140 551 τουτέστιν

122 588 180 654 ἵνα
201 583 292 668 ἄξων
314 576 336 674 ή
359 581 380 671 ή
404 591 479 653 AB.

88 706 104 756 5
191 689 407 779 ἐκβεβλήσθω
431 686 452 776 ή
473 697 539 757 AB
563 689 615 758 ἐπὶ
638 689 676 757 τὸ
694 694 736 775 Ε,
758 689 814 758 καὶ
832 689 989 778 εἰλήφθω
1007 704 1067 780 τῆς
1079 700 1139 763 ΓΔ

122 799 281 885 τέταρτον
299 798 400 885 μέρος
417 794 438 883 ή
457 801 536 883 ΓΗ,
559 808 618 884 τῆς
635 794 675 863 δὲ
693 802 766 864 ΓΗ
782 802 902 884 μείζων
922 803 1008 867 ἔστω
1027 797 1138 888 ήΕΑ,

122 906 177 973 καὶ
195 908 264 973 τῶν
283 909 356 988 ΓΔ,
371 906 440 972 ΕΑ
462 904 545 990 μέση
569 901 742 989 ἀνάλογον
761 903 915 991 εἰλήφθω
933 902 955 991 ή
974 913 1013 974 Θ.
1051 911 1139 976 ἐστιν

123 1009 189 1100 ίίρα
214 1008 259 1090 ὡς
281 1008 303 1096 ἡ
322 1015 387 1077 ΓΔ
408 1008 491 1099 πρὸς
510 1016 588 1096 ΕΑ,
611 1009 650 1078 τὸ
674 1008 739 1078 ἀπὸ
760 1017 789 1078 Θ
811 1007 895 1098 πρὸς
916 1009 955 1078 τὸ
979 1011 1047 1080 ἀπὸ
1067 1020 1138 1082 EA.

123 1115 144 1203 ή
168 1116 206 1185 δὲ
229 1122 291 1184 ΓΔ
314 1128 371 1204 τῆς
394 1124 461 1184 EA
484 1115 630 1184 ἐλάττων
654 1116 746 1185 ἐστὶν
769 1112 790 1203 ή
813 1124 1051 1205 τετραπλασία·
1086 1120 1137 1189 καί

71 1238 104 1287 10
123 1221 161 1291 τὸ
188 1219 254 1290 ιἰπὸ
278 1229 308 1290 Θ
339 1221 406 1311 ἄρα
432 1227 494 1291 τοῦ
521 1220 587 1290 ἀπὸ
612 1230 680 1291 EA
707 1221 845 1291 ἔλαττόν
868 1225 959 1293 ἐστιν
983 1221 1006 1312 ή
1028 1253 1138 1314 τετρα-

122 1329 278 1399 πλοίσιον.
319 1326 340 1417 ή
365 1337 394 1398 Θ
420 1327 486 1420 ἄρα
513 1340 571 1416 τῆς
593 1337 660 1397 EA
688 1328 833 1397 ἐλοίττων
861 1330 953 1398 ἐστὶν
981 1328 1002 1418 ή
1028 1336 1137 1422 διπλῆ·

123 1433 209 1506 ὥστε
232 1435 294 1505 δύο
324 1440 362 1505 αί
382 1442 449 1505 ΕΑ
476 1448 534 1524 τής
557 1441 586 1502 Θ
613 1437 760 1522 μείζονές
782 1440 855 1504 εἰσι.
901 1436 1053 1508 δυνατὸν
1077 1439 1137 1528 ίίρα

123 1543 215 1612 ἐστὶν
230 1545 267 1612 ἐκ
280 1556 338 1631 τῆς
353 1552 381 1612 Θ
398 1544 454 1611 καὶ
469 1543 532 1612 δύο
546 1553 616 1610 τῶν
630 1549 697 1610 EA
714 1547 881 1630 τρίγωνον
896 1543 1136 1632 συστήσασθαι.

123 1650 315 1719 συνεστάτω
348 1657 466 1720 τοίνυν
498 1650 552 1718 ἐπὶ
583 1660 642 1735 τής
673 1656 739 1717 EA
771 1655 939 1737 τρίγωνον
970 1650 1009 1721 τὸ
1041 1660 1137 1722 EAZ

73 1770 106 1818 ιο
126 1753 237 1843 ὀρθὸν
255 1756 339 1844 πρὸς
360 1756 398 1824 τὸ
423 1753 646 1842 ὑποκείμενου
669 1756 827 1826 ἐπίπεδον
852 1754 936 1825 ὥστε
955 1766 1035 1846 ίσήν
1054 1757 1137 1829 εἶναι

124 1865 185 1946 τήν
209 1860 271 1947 μὲν
294 1868 363 1929 EA
384 1865 424 1950 τῇ
447 1869 524 1948 AZ,
546 1864 609 1946 τήν
633 1861 671 1930 δέ
694 1869 723 1930 Θ
744 1872 785 1952 τῇ
804 1870 877 1949 ZE,
900 1864 956 1932 καὶ
979 1861 1078 1953 ήχθω
1101 1869 1137 1955 τή

123 1965 185 2052 μὲν
210 1973 274 2033 ΖΕ
299 1965 511 2053 παράλληλος
538 1963 559 2053 ή
583 1974 668 2054 AK,
700 1972 740 2057 τή
769 1968 806 2037 δέ
828 1977 896 2041 ΕΑ
923 1966 945 2056 ή
969 1977 1052 2058 ΖΚ,
1084 1972 1138 2040 καί

123 2077 271 2140 νοείσθω
294 2082 414 2159 κῶνος,
439 2065 481 2140 οὗ
503 2078 635 2162 κορυφή
658 2072 697 2142 τὸ
718 2081 745 2140 Ζ
768 2087 918 2163 σημεῖον,
942 2075 1041 2163 βασις
1065 2074 1138 2147 δὲὸ

124 2178 200 2267 περὶ
219 2177 400 2266 διοίμετρον
418 2182 480 2265 τήν
494 2184 564 2246 KA
585 2178 708 2259 κύκλος
731 2176 838 2267 ὀρθὸς
855 2177 904 2249 ὢν
922 2179 1008 2270 πρὸς
1025 2181 1065 2251 τὸ
1083 2183 1137 2252 διὰ

71 2305 106 2356 20
124 2290 191 2355 τῶν
216 2292 324 2354 ΑΖΚ
350 2287 517 2353 ἐπίπεδον.
563 2290 654 2354 ἔσται
683 2289 724 2372 δή
754 2284 856 2375 ὀρθὸς
882 2283 900 2354 ὃ
923 2291 1045 2369 κῶνος·
1084 2298 1136 2376 ίσή

124 2394 189 2484 γὰρ
218 2392 239 2482 ή
267 2401 329 2462 AZ
355 2397 395 2483 τή
419 2401 493 2461 ΖΚ.
539 2392 714 2479 τετμήσθω
744 2392 782 2461 δὲ
810 2389 827 2460 ὁ
856 2405 965 2473 κῶνος
993 2396 1137 2488 ἐπιπέδῳ

123 2502 325 2594 παραλλήλῳ
339 2505 385 2592 τῷ
399 2506 434 2566 Κ
438 2509 469 2567 A
482 2498 604 2589 κύκλῳ,
618 2501 674 2566 καὶ
687 2503 821 2567 ποιείτω
835 2504 943 2588 τομήν
956 2498 1018 2568 τὸν
1028 2506 1141 2581 ΜΝΞ

122 2608 259 2698 κύκλον,
283 2606 393 2696 ὀρθὸν
418 2606 576 2694 δηλονότι
599 2604 681 2691 πρὸς
703 2605 742 2673 τὸ
767 2603 823 2672 διὰ
845 2610 913 2674 τῶν
933 2614 1052 2675 MZN
1071 2612 1138 2678 ἐπί-

123 2719 244 2801 πεδον,
275 2714 332 2783 καὶ
359 2719 443 2781 ἐστω
471 2717 532 2780 τοῦ
560 2714 674 2789 ΜΝΞ
698 2711 824 2779 κύκλου
851 2713 907 2780 καὶ
934 2718 997 2782 τοῦ
1026 2723 1143 2785 MZN

72 2835 106 2885 25
124 2820 292 2905 τριγώνου
315 2824 413 2907 κοινή
436 2825 520 2907 τομή
544 2817 564 2906 ή
583 2826 674 2887 ΜΝ·
706 2816 882 2906 διάμετρος
904 2818 970 2907 ἄρα
989 2823 1060 2892 ἐστὶ
1079 2828 1138 2892 τοῦ

122 2925 257 2992 κύκλου.
304 2930 387 2994 ἔστω
417 2926 454 2994 δὲ
481 2930 542 2994 τοῦ
569 2925 792 3012 ὑποκειμένου
816 2927 975 2995 ἐπιπέδου
997 2930 1139 2999 καὶτοῦ

124 3030 252 3098 κύκλου
275 3035 372 3118 κοινή
395 3036 478 3119 τομή
502 3034 523 3118 ή
547 3035 619 3108 ΞΛ.
659 3031 727 3100 ἐπεὶ
751 3024 816 3100 οὖν
840 3030 857 3101 ὁ
881 3036 997 3111 ΜΝΞ
1017 3035 1139 3118 κύκλος

126 3135 233 3224 ὀρθός
255 3137 325 3204 ἐστι
348 3136 432 3225 πρὸς
459 3136 497 3206 τὸ
521 3135 743 3226 ὑποκείμενον
767 3141 939 3228 ἐπίπεδον,
969 3137 1078 3229 ὀρθὸς
1101 3144 1141 3212 δέ

125 3245 193 3312 ἐστι
216 3242 272 3310 καὶ
295 3244 379 3330 πρὸς
397 3242 434 3311 τὸ
448 3248 566 3312 MZN
583 3251 762 3332 τρίγωνον,
785 3243 805 3334 ή
824 3251 920 3333 κοινή
940 3245 1007 3337 ίίρα
1026 3248 1137 3318 αὐτῶν

196 3480 238 3530 10.
258 3469 326 3546 ἄρα]
346 3473 458 3543 scripsi;
478 3475 547 3531 AV.
604 3475 730 3550 ἔλαττον]
753 3475 874 3534 ἐλάττων
888 3479 925 3546 V;
946 3497 1015 3537 corr.
1025 3482 1135 3552 Halley.
