2438 3892
121 419 274 504 τομένων
305 417 473 501 τέμνουσα
505 413 567 501 τὴν
599 413 706 501 τομὴν
738 415 795 482 καὶ
827 414 889 502 τὴν
925 416 1043 503 ἑτέραν
1073 420 1132 484 τῶν

123 524 381 612 έφαπτομένων,
415 526 522 606 ἔσται,
555 517 602 600 ὡς
635 518 676 588 τὰ
710 517 775 588 ἀπὸ
804 524 875 589 τῶν
904 522 1134 609 ἐφαπτομένου

122 629 317 716 τετράγωνα
356 625 440 714 πρὸς
482 626 629 713 ἄλληλα,
674 623 781 706 οὕτως
821 627 859 694 τὸ
903 627 1132 715 περιεχόμενον

88 742 248 826 σχωρίον
276 733 343 803 ὑπὸ
369 737 438 802 τῶν
466 732 587 819 μεταξὺ
614 735 673 819 τῆς
699 735 803 819 τομῆς
829 734 886 800 καὶ
914 737 974 820 τῆς
997 735 1126 820 ἐφαπτο-

124 845 227 930 μένης
257 840 342 928 πρὸς
377 839 414 909 τὸ
450 838 515 908 ἀπὸ
548 844 607 926 τῆς
646 880 670 928 θ
697 881 735 931 ff

124 947 445 1033 ἀπολαμβανομένης
463 946 549 1032 πρὸς
566 950 606 1033 τῇ
957 958 996 1010 A

124 1051 194 1142 ἁφῇ
219 1052 439 1139 τετράγωνον.

192 1164 274 1226 ἔστω
311 1158 423 1225 κώνου
459 1156 543 1244 τομὴ
585 1153 605 1243 ἢ

73 1292 106 1340 10
124 1265 250 1332 κύκλου
275 1265 469 1352 περιφέρεια
488 1261 508 1350 ἡ
529 1270 606 1348 ΑΒ,
725 1296 762 1350 Λ
805 1299 861 1352 JV
950 1301 984 1352 B

123 1372 177 1438 καὶ
208 1372 473 1456 ἐφαπτέσθωσαν
506 1371 608 1457 αὐτῆς
1099 1376 1123 1426 Ζ

124 1481 162 1544 αἱ
177 1487 210 1545 A
216 1484 254 1564 Γ,
274 1484 335 1546 ΓΒ
359 1483 606 1564 συμπίπτουσαι
629 1474 711 1544 κατὰ
735 1474 773 1544 τὸ
792 1482 835 1563 Γ,
861 1479 917 1545 καὶ
937 1478 1090 1566 εἰλήφθω
1107 1504 1133 1544 τι

125 1598 264 1671 σημεῖον
288 1585 341 1651 ἐπὶ
363 1586 422 1670 τῆς
439 1589 505 1651 AB
527 1594 631 1670 τομῆς
648 1581 687 1651 τὸ
705 1590 750 1669 Δ,
773 1584 829 1651 καὶ
853 1582 898 1651 δι’
920 1581 1029 1653 αὐτοῦ
1045 1586 1132 1673 ἤχθω

123 1692 213 1776 παρὰ
232 1689 294 1776 τὴν
310 1694 370 1757 ΓΒ
390 1686 535 1776 ἡΕΔΖ.
569 1693 665 1775 λέγω,
685 1688 736 1759 ὅτι
756 1693 857 1776 ἐστίν,
876 1687 923 1770 ὡς
940 1689 980 1759 τὸ
1000 1688 1065 1760 ιἰπό
1079 1694 1136 1758 ΒΓ

72 1821 104 1870 15
123 1794 207 1883 πρὸς
224 1794 262 1864 τὸ
283 1793 347 1865 ἀπὸ
362 1802 438 1882 ΑΓ,
458 1796 565 1875 οὕτως
578 1795 616 1864 τὸ
632 1793 698 1863 ὑπὸ
715 1804 815 1864 ΖΕΔ
833 1795 918 1884 πρὸς
930 1797 970 1865 τὸ
986 1795 1053 1866 ἀπὸ
1068 1805 1133 1865 ΕΑ.

191 1898 354 1987 ἤχθωσαν
376 1901 440 1988 γὰρ
465 1900 522 1968 διὰ
545 1905 614 1969 τῶν
632 1910 676 1988 Α,
691 1909 720 1969 Β
745 1901 917 1990 διάμετροι
938 1901 962 1990 ἦ
985 1930 1020 1972 τε
1039 1910 1134 1971 ΑΗΘ

101 2006 179 2073 wal
212 2005 233 2091 ἡ
262 2013 380 2092 ΚΒΛ,
413 2005 469 2074 διὰ
503 2006 541 2074 δὲ
568 2012 630 2076 τοῦ
658 2018 692 2074 Λ
718 2013 759 2097 τῇ
786 2016 855 2077 ΑΛ
881 2005 1133 2097 παράλληλοςὴ

123 2117 254 2180 ΛΜΝ·
304 2111 455 2199 φανερὸν
483 2113 646 2201 αὐτόθεν,
675 2113 725 2182 ὅτι
754 2125 809 2202 ἴση
838 2117 928 2184 ἐστὶν
956 2113 977 2202 ἡ
1003 2123 1076 2183 ΔΚ
1102 2119 1134 2204 τῇ

124 2224 190 2285 ΚΖ
213 2217 329 2286 καὶτὸ
352 2225 461 2286 ΑΕΗ
482 2225 650 2308 τρίγωνον
673 2226 718 2314 τῷ
739 2229 808 2289 ΛΔ
831 2224 1064 2314 τετραπλεύρῳ
1087 2222 1133 2290 καλ

71 2354 104 2402 20
123 2324 161 2393 τὸ
186 2331 289 2392 ΒΑΓ
307 2331 476 2412 τρίγωνον
499 2338 545 2420 τῷ
569 2335 675 2395 ΑΓΘ.

192 2433 261 2501 ἐπεὶ
285 2425 349 2500 οὖν
373 2431 393 2519 ἡ
418 2441 485 2501 ΖΚ
505 2438 545 2522 τῇ
570 2440 640 2500 ΚΛ
665 2436 755 2502 ἐστιν
779 2444 846 2521 ἴση,
869 2436 924 2502 καὶ
947 2437 1135 2524 πρόσκειται

124 2538 144 2626 ἡ
173 2549 256 2625 ΛΕ,
285 2542 322 2608 τὸ
350 2541 415 2608 ὑπὸ
445 2548 546 2608 ΖΕΔ
573 2541 653 2627 μετὰ
682 2546 743 2608 τοῦ
771 2539 835 2609 ἀπὸ
865 2548 939 2608 ΛΚ
966 2550 1044 2610 ἴσον
1074 2543 1135 2611 ἐστὶ

123 2651 168 2738 τῷ
193 2645 257 2715 ἀπὸ
278 2654 312 2715 Κ
318 2656 354 2716 Ε.
391 2648 447 2715 καὶ
471 2644 541 2715 ἐπεῖ
564 2645 685 2734 ὅμοιόν
705 2649 773 2715 ἐστι
792 2648 829 2715 τὸ
850 2653 956 2713 ΕΛΚ
971 2654 1135 2734 τρίγωνον

123 2762 169 2842 τῷ
194 2759 320 2840 ANK,
350 2760 455 2840 ἔστιν,
484 2752 527 2834 ὡς
550 2753 587 2821 τὸ
613 2752 677 2821 αἰπό
702 2760 771 2821 ΕΚ
791 2755 874 2842 πρὸς
896 2754 934 2821 τὸ
960 2751 1026 2821 ἀπὸ
1052 2761 1136 2836 ΚΔ,

71 2881 104 2928 25
125 2853 231 2935 οὕτως
253 2859 291 2925 τὸ
317 2866 420 2926 ΕΚΛ
441 2867 608 2948 τρίγωνον
631 2861 716 2949 πρὸς
738 2863 776 2928 τὸ
801 2866 920 2928 ΛΝΚ.
966 2861 1022 2926 καὶ
1048 2863 1137 2928 ἐναλ-

124 2960 197 3041 λάξ·
238 2964 294 3028 καὶ
324 2962 368 3043 ὡς
397 2964 478 3034 ὅλον
504 2970 542 3035 τὸ
571 2965 631 3034 dm*
662 2974 730 3034 ΕΚ
755 2966 839 3053 πρὸς
867 2967 947 3034 ὅλον
970 2967 1007 3033 τὸ
1034 2973 1139 3034 ΕΛΚ

123 3072 305 3154 τρίγωνον,
336 3068 440 3150 οὕτως
469 3071 656 3161 ἀφαιρεθὲν
684 3075 722 3140 τὸ
746 3071 812 3140 ἀπὸ
838 3079 911 3139 ΛΚ
932 3072 1017 3160 πρὸς
1041 3071 1136 3159 οἶφαι·

125 3174 226 3260 ρεθέν
253 3171 289 3240 τὸ
315 3182 428 3243 ANK
453 3185 634 3265 τρίγωνον·
679 3181 735 3247 καὶ
762 3188 882 3246 λοιπον
910 3177 976 3264 ἄρα
1002 3177 1041 3245 τὲ
1070 3179 1137 3247 ὑπὸ

125 3287 226 3347 ΖΕΔ
249 3277 332 3361 πρὸς
353 3280 473 3349 λοιπὸν
491 3283 529 3351 τὸ
550 3294 620 3353 ΔΛ
639 3289 740 3371 ἐστιν,
764 3284 808 3365 ὡς
827 3285 863 3353 τὸ
885 3283 949 3351 ἀπὸ
970 3291 1040 3351 ΕΚ
1058 3283 1140 3372 πρὸς

123 3427 271 3436 ›-—---
296 3429 335 3433 -.-

197 3519 238 3567 17,
258 3512 352 3583 ΚΒΑ]
376 3515 456 3565 ΒΚΛ
475 3512 536 3582 Vp;
557 3531 627 3570 corr.
648 3516 753 3569 Comm.
