2438 3892
128 111 193 174 100
520 108 688 163 ΚΩΝΙΚΩΝ
706 105 746 164 α’.
864 185 866 189 ‚

193 255 275 318 ἔστω
299 251 484 336 παραβολή,
507 240 547 336 ῆς
571 248 748 338 διάμετρος
766 249 786 335 ῆ
805 255 882 334 ΑΒ,
906 247 962 315 καὶ
984 245 1137 334 κατῆχθω

125 358 329 444 τεταγμένως
352 357 372 444 ῆ
394 361 465 442 ΓΛ,
488 355 543 424 καὶ
567 359 605 444 τῆ
625 361 695 422 ΕΛ
718 362 772 441 ίση
795 360 922 422 κείσθω
946 353 967 441 ῆ
988 361 1063 442 AB,
1085 354 1138 421 καλ

126 463 313 551 ἐπεζεύχθω
331 462 352 549 ῆ
373 468 446 531 ΑΓ.
481 463 579 548 λέγω,
604 460 655 528 ὅτι
674 460 694 548 ῆ
715 470 747 528 A
753 465 785 528 Γ
803 461 1030 547 ἐκβαλλομένη
1050 457 1139 540 ἐκτὸς

126 584 271 638 πεσεῖται
293 581 352 656 τῆς
374 572 485 656 τομῆς.

91 690 107 738 5
193 681 224 744 εί
254 675 319 764 γὰρ
354 673 516 760 δυνατόν,
550 673 690 742 πιπτέτω
725 671 819 752 ἐντὸς
852 670 897 752 ὡς
926 669 947 760 ῆ
976 678 1054 759 ΓΖ,
1087 672 1140 740 καὶ

124 783 331 868 τεταγμένως
362 780 519 867 κατῆχθω
550 777 571 866 ῆ
600 786 677 847 ΗΒ.
732 780 787 847 καὶ
816 779 885 846 ἐπεὶ
912 778 949 848 τὸ
979 775 1045 846 άπὸ
1074 785 1144 846 ΒΗ

126 885 209 974 πρὸς
231 887 269 956 τὸ
294 885 358 955 άπὸ
378 892 439 955 ΓΔ
462 892 596 973 μείζονα
620 885 723 972 λόγον
748 890 814 973 ἔχει
836 883 919 972 ῆπερ
938 884 976 952 τὸ
995 883 1062 952 άπὸ
1081 891 1140 952 ΖΒ

125 993 208 1082 πρὸς
234 992 272 1062 τὸ
302 991 366 1060 άπὸ
392 999 468 1078 ΓΛ,
501 989 573 1058 ἀλλ’
600 989 645 1071 ὡς
672 992 733 1077 μὲν
756 990 793 1058 τὸ
819 988 884 1059 άπὸ
909 998 970 1058 ΖΒ
998 990 1082 1080 πρὸς
1103 991 1139 1060 τὸ

125 1098 190 1168 άπὸ
210 1106 283 1183 ΓΔ,
305 1097 343 1166 τὸ
368 1095 433 1166 άπὸ
454 1105 519 1165 BA
541 1096 624 1184 πρὸς
645 1097 683 1165 τὸ
705 1094 769 1165 άπὸ
794 1106 873 1183 ΑΛ,
896 1095 942 1176 ὡς
961 1095 998 1165 δὲ
1016 1097 1054 1166 τὸ
1074 1096 1139 1166 άπὸ

73 1219 107 1268 10
126 1212 193 1273 HB
223 1204 307 1294 πρὸς
329 1204 366 1273 τὸ
392 1202 458 1272 άπὸ
484 1210 561 1290 ΓΛ,
589 1201 609 1290 ῆ
635 1210 700 1271 ΒΕ
725 1203 809 1292 πρὸς
832 1209 915 1288 ΛΕ,
942 1201 963 1290 ῆ
988 1210 1056 1271 ΒΕ
1081 1203 1140 1290 ἄρα

125 1308 209 1400 πρὸς
232 1318 302 1379 ΕΛ
329 1317 465 1399 μείζονα
489 1311 592 1396 λόγον
621 1316 686 1397 ἔχει
713 1308 797 1397 ῆπερ
819 1307 857 1377 τὸ
881 1308 946 1377 άπὸ
971 1317 1038 1376 BA
1060 1311 1141 1399 πρὸς

124 1416 162 1488 τὸ
187 1416 251 1487 άπὸ
276 1427 357 1487 ΑΛ.
403 1416 475 1485 ἀλλ’
503 1415 548 1497 ὡς
575 1415 595 1504 ῆ
620 1424 686 1483 ΒΕ
711 1414 793 1503 πρὸς
817 1422 900 1500 ΕΛ,
927 1414 964 1483 τὸ
992 1417 1141 1505 τετράκις

123 1523 190 1594 ίπὸ
206 1532 307 1593 ΒΕΑ
326 1524 410 1613 πρὸς
427 1525 464 1592 τὸ
483 1523 634 1612 τετράκις
647 1520 713 1590 ὑπὸ
729 1529 846 1589 ABA·
860 1511 925 1590 ’καὶ
938 1521 977 1590 τὸ
990 1522 1141 1610 τετράκις

124 1629 191 1718 άρα
213 1628 280 1699 ὑπὸ
303 1635 372 1699 τῶν
396 1637 497 1698 ΒΕΑ
519 1629 603 1717 πρὸς
625 1628 662 1698 τὸ
686 1627 835 1716 τετράκις
857 1625 923 1696 ὑπὸ
943 1635 1050 1695 ΑΕΔ
1074 1634 1141 1716 μεί-

73 1750 107 1798 15
128 1743 207 1819 ζονα
229 1737 334 1823 λόγον
363 1741 429 1823 ἔχει
451 1737 536 1822 ῆπερ
563 1733 601 1803 τὸ
626 1733 690 1802 άπὸ
714 1741 781 1801 ΒΑ
806 1732 889 1821 πρὸς
911 1734 948 1802 τὸ
972 1731 1038 1802 άπὸ
1063 1742 1140 1803 AA.

125 1841 267 1922 ἐναλλὰξ
290 1840 355 1927 ’άρα
377 1840 415 1909 τὸ
440 1840 588 1926 τετράκις
610 1838 675 1908 ὑπὸ
700 1848 801 1908 ΒΕΑ
823 1839 906 1926 πρὸς
928 1839 966 1908 τὸ
990 1839 1056 1910 άπὸ
1077 1849 1140 1909 AB

125 1953 260 2032 μείζονα
283 1946 387 2033 λόγον
412 1953 477 2034 ἔχει
500 1946 583 2034 ῆπερ
606 1945 644 2014 τὸ
667 1948 816 2032 τετράκις
839 1944 905 2015 ὑπὸ
929 1954 1035 2014 ABA
1060 1946 1143 2034 πρὸς

124 2051 162 2120 τὸ
187 2049 255 2120 άπὸ
279 2061 362 2119 ΑΔ·
400 2050 481 2140 ὅπερ
511 2052 602 2120 ἐστὶν
629 2049 812 2121 ἀδύνατον·
850 2062 925 2138 ίσης
950 2051 1014 2140 γὰρ
1040 2055 1142 2141 οὔσης

124 2168 183 2244 τῆς
202 2165 270 2226 ΑΕ
294 2169 335 2246 τῆ
361 2167 429 2226 ΕΛ
457 2157 495 2226 τὸ
518 2159 666 2244 τετράκις
688 2156 755 2226 ὑπὸ
780 2166 885 2225 ΑΕΔ
911 2164 957 2250 τῷ
982 2157 1048 2228 άπὸ
1072 2168 1142 2226 ΑΛ

72 2278 107 2328 20
126 2268 217 2334 ἐστιν
243 2274 336 2352 ίσον,
367 2265 405 2334 τὸ
436 2265 473 2334 δὲ
499 2265 649 2350 τετράκις
675 2263 741 2334 ὑπὸ
766 2273 867 2332 ΒΕΑ
897 2269 958 2334 τοῦ
986 2264 1052 2333 άπὸ
1077 2274 1142 2333 ΒΑ

126 2375 217 2442 ἐστιν
241 2378 398 2441 ἔλασσον·
420 2377 480 2458 τῆς
502 2370 566 2460 γάρ
590 2380 656 2439 ΑΒ
682 2369 743 2440 οὐκ
767 2377 835 2439 ἔστι
859 2376 1034 2459 διχοτομία
1056 2370 1094 2440 τὸ
1114 2379 1144 2439 Ε

129 2495 277 2568 σημεῖον.
333 2482 394 2549 οὐκ
427 2478 492 2567 άρα
522 2477 543 2565 ῆ
573 2484 642 2546 ΑΓ
671 2476 765 2558 ἐντὸς
796 2483 906 2545 πίπτει
937 2489 996 2563 τῆς
1027 2482 1142 2564 τομῆς·

126 2587 304 2672 ἐφάπτεται
328 2586 401 2676 άρα.
600 2654 656 2723 λᾶι

72 2773 106 2822 25
189 2762 268 2831 Ἐάν
297 2764 349 2830 ἐπὶ
376 2761 565 2852 ὑπερβολῆς
597 2757 617 2847 ῆ
646 2764 822 2842 ἐλλείψεως
849 2757 869 2846 ῆ
899 2760 1025 2828 κύκλον
1052 2786 1141 2850 περι-

127 2872 261 2953 φερείας
288 2874 406 2956 ληφθῆ
434 2895 465 2935 τι
495 2881 650 2955 σημεῖον,
683 2868 738 2934 καὶ
769 2865 825 2935 ἀπ’
853 2864 959 2934 αὐτοῦ
991 2871 1141 2955 καταχθῆ

127 2969 243 3039 εὐθεῖα
268 2974 321 3040 ἐπὶ
349 2973 411 3059 τὴν
436 2973 615 3060 διάμετρον
638 2974 857 3060 τεταγμένως,
885 2973 940 3040 καὶ
965 2970 1005 3041 ὃν
1029 2980 1142 3061 έχουσι

92 3117 94 3122 -
126 3076 230 3163 λόγον
253 3077 336 3164 πρὸς
365 3077 511 3165 άλλῆλας
538 3083 575 3146 αλ
601 3077 869 3167 άποτεμνόμεναι
896 3077 962 3147 ὑπὸ
988 3092 1047 3167 τῆς
1069 3107 1141 3148 κατ·

126 3185 272 3270 ηγμένης
303 3183 386 3271 πρὸς
416 3197 487 3264 τοῖς
521 3187 640 3271 πέρασι
676 3191 734 3271 τῆς
766 3190 906 3271 πλαγίας
937 3190 999 3254 τοῦ
1031 3191 1142 3267 είδονς

200 3315 241 3362 12.
261 3308 306 3378 τό]
326 3307 397 3378 (alt.)
416 3323 469 3362 om.
485 3308 522 3374 V3
543 3325 612 3362 corr.
631 3328 657 3379 p.
719 3314 761 3365 14.
779 3302 850 3381 ὑπό]
866 3310 937 3378 (alt.)
956 3305 1014 3379 άρα
1032 3307 1089 3366 ὑπό
1104 3310 1141 3376 V;

128 3395 197 3432 corr.
212 3397 239 3448 p.
295 3385 337 3434 20.
356 3374 454 3446 τράκις
468 3377 506 3445 V3
527 3395 595 3434 corr.
609 3397 655 3448 cp.
711 3386 753 3436 22.
770 3377 862 3452 ἐντός]
882 3376 962 3443 ἐκτός
977 3382 1013 3449 V;
1035 3397 1104 3438 corr.
1116 3400 1141 3452 p.

163 3454 205 3505 24.
225 3445 285 3520 ιδ’]
304 3468 331 3519 p,
351 3465 405 3506 om.
424 3448 458 3518 V,
477 3454 595 3505 ων.
