2438 3892
523 147 690 201 ΚΩΝΙΚΩΝ
708 142 750 202 α’.

610 324 661 408 ιζ’.
1118 390 1121 395 .

191 438 269 510 Ἐἀν
293 445 330 510 ἐν
348 441 461 511 κώνου
478 445 564 530 τομῆ
582 439 648 510 ἀπὸ
667 444 725 529 τῆς
742 444 894 532 κορυφῆς
910 446 971 529 τῆς
988 447 1143 530 γραμμῆς

127 546 217 638 ἀχθῆ
241 547 358 617 εὐθεῖα
380 548 469 637 παρὰ
492 549 699 635 τεταγμένως
720 551 947 636 κατηγμένην,
971 547 1065 629 ἐκτὸς
1088 574 1142 617 πε-

128 669 232 737 σεῖται
254 661 314 742 τῆς
336 658 446 743 τομῆς.

91 789 108 839 5
195 768 277 831 ἔστω
300 763 412 831 κώνου
434 762 530 850 τομή,
553 753 593 849 ῆς
616 764 791 849 διάμετρος
812 759 834 849 ῆ
858 769 931 830 ΑΒ.
968 765 1066 850 λέγω,
1091 761 1142 832 ὅτι

125 866 147 956 ῆ
175 868 241 937 ἀπὸ
268 873 327 957 τῆς
354 880 520 957 κορυφῆς,
547 871 697 938 τουτέστι
724 873 785 938 τοῦ
807 877 840 937 Λ
868 874 1024 956 σημείου,
1051 868 1141 958 παρὰ

125 977 331 1063 τεταγμένως
349 977 559 1062 κατηγμένην
578 973 727 1063 ἀγομένη
747 973 864 1044 εὐθεῖα
883 974 974 1056 ἐκτὸς
993 990 1142 1045 πεσεῖται

125 1085 185 1168 τῆς
206 1085 318 1169 τομῆς.

193 1193 224 1256 εί
241 1186 304 1275 γὰρ
325 1187 484 1276 δυνατόν,
507 1190 650 1257 πιπτέτω
670 1188 764 1269 ἐντὸς
784 1186 829 1269 ὥς
847 1186 955 1276 ῆΑΓ.
988 1189 1058 1257 ἐπεὶ
1079 1181 1143 1257 οὖν

74 1321 107 1370 10
127 1297 163 1364 ἐν
187 1296 299 1365 κοίνου
321 1299 406 1386 τομῆ
429 1303 580 1382 είληπται
606 1295 709 1383 τυχὸν
735 1310 874 1383 σημεῖον
896 1296 934 1365 τὸ
959 1302 1001 1382 Γ,
1030 1292 1052 1382 ῆ
1076 1295 1142 1383 ἅμα

126 1399 192 1472 ἀπὸ
221 1406 283 1472 τοῦ
311 1409 344 1471 Γ
371 1409 511 1491 σημείου
539 1400 633 1483 ἐντὸς
659 1407 718 1490 τῆς
744 1407 848 1490 τομῆς
874 1401 1021 1491 ἀγομένη
1051 1403 1142 1492 παρὰ

124 1512 331 1598 τεταγμένως
349 1497 559 1598 κατηγμένην
579 1515 744 1597 συμβαλεῖ
760 1513 800 1599 τῆ
817 1517 882 1578 ΑΒ
902 1510 1066 1601 διαμέτρῳ
1086 1510 1142 1578 καὶ

126 1623 203 1708 δίχα
225 1616 432 1705 τμηθήσεται
454 1614 512 1685 ὑπ’
535 1614 647 1706 αὐτῆς.
691 1615 804 1704 ῆΑΓ
826 1615 891 1705 ἀρα
915 1618 1141 1704 ἐκβαλλομένη

126 1728 203 1814 δίχα
225 1723 433 1811 τμηθήσεται
454 1723 521 1793 ὑπὸ
543 1727 603 1811 τῆς
621 1732 701 1792 ΑΒ·
723 1721 804 1819 ὅπερ
825 1723 964 1793 ἄτοπον·
988 1726 1143 1810 έκβαλλο·

73 1853 106 1904 16
126 1833 209 1918 μένη
233 1829 298 1917 γὰρ
322 1827 342 1917 ῆ
367 1836 436 1899 ΛΓ
460 1826 552 1910 ἐκτὸς
575 1835 685 1899 πίπτει
706 1834 765 1917 τῆς
787 1834 898 1918 τομῆς.
945 1828 1007 1898 οὐκ
1030 1829 1096 1917 ἀρα
1119 1828 1139 1918 ῆ

125 1935 190 2006 ἀπο
210 1946 272 2005 τοῦ
291 1945 323 2004 Α
346 1942 486 2024 σημείου
504 1934 593 2026 παρὰ
612 1938 818 2025 τεταγμένως
835 1935 1082 2024 κατηγμένην’
1063 1964 1141 2066 αγο-

125 2047 208 2132 μένη
237 2043 355 2112 ευθεῖα
383 2042 478 2124 ἐντὸς
504 2058 652 2112 πεσεῖται
674 2048 734 2131 τῆς
756 2046 921 2131 γραμμῆς·
959 2042 1098 2156 ἐκτὸς”
1076 2071 1142 2133 αμα

125 2163 284 2220 πεσεῖται·
308 2149 425 2238 διόπερ
450 2150 629 2238 ἐφάπτεται
650 2154 710 2237 τῆς
731 2154 843 2237 τομῆς.

607 2338 665 2396 ⁶⁷1·

71 2458 107 2508 20
190 2427 270 2498 Ἐὰν
292 2427 405 2497 κοίνου
423 2428 508 2515 τομῆ
526 2421 643 2493 εὐθεῖα
662 2430 897 2511 συμπίπτουσα
916 2425 1141 2512 ἐκβαλλομένη

126 2537 179 2626 ἐφ’
203 2536 339 2625 ἑκάτερα
363 2536 455 2614 έκτος
477 2538 578 2620 πίπτη
601 2535 659 2612 τίς
681 2536 800 2619 τομῆς,
827 2534 945 2620 ληφθῆ
968 2533 1009 2599 δέ
1029 2558 1059 2598 τι
1085 2551 1142 2618 ση-

126 2658 222 2731 μεῖον
242 2642 336 2723 ἐντὸς
353 2644 413 2727 τῆς
430 2649 544 2726 τομῆς,
562 2639 618 2707 καὶ
637 2639 682 2707 δι’
701 2635 808 2707 αὐτοῦ
825 2637 1036 2725 παράλληλος
1052 2636 1142 2726 ἀχθῆ

126 2755 166 2839 τῆ
191 2747 439 2836 συμπιπτούση,
467 2745 487 2833 ῆ
512 2745 654 2834 ἀχθεῖσα
677 2746 904 2832 ἐκβαλλομένη
929 2742 982 2831 ἐφ’
1004 2744 1142 2832 ἑκάτερα

127 2869 342 2943 συμπεσεῖται
363 2858 404 2942 τῆ
426 2865 520 2941 τομῇ.

73 2988 108 3037 25
195 2967 278 3029 ἔστω
301 2960 415 3030 κοίνου
437 2957 521 3046 τομῆ
549 2960 605 3028 καὶ
629 2963 861 3047 συμπίπτουσα
889 2957 974 3047 αὐτῆ
996 2956 1017 3044 ῆ
1041 2966 1141 3026 ΑΖΒ

128 3066 262 3154 εὐθεῖα,
294 3067 350 3135 καὶ
378 3067 602 3154 ἐκβαλλομένη
631 3064 683 3153 ἐφ’
712 3064 849 3153 ἑκάτερα
878 3063 969 3144 ἐκτὸς
998 3068 1142 3134 πιπτέτω

128 3181 187 3306 τῆς
210 3179 327 3262 τομῆς,
354 3173 465 3242 καὶί
434 3171 587 3260 είλῆφθω
611 3200 643 3240 τι
671 3185 810 3259 σημεῖον
837 3170 932 3252 ἐντὸς
958 3183 1017 3259 τῆς
1040 3176 1143 3261 τομῆς

129 3281 166 3352 τὸ
186 3287 224 3367 Γ,
247 3281 303 3350 καὶ
327 3277 383 3347 διὰ
405 3305 466 3348 του
450 3283 516 3346 Γ
534 3283 575 3366 τῆ
594 3286 658 3346 AB
682 3278 893 3368 παράλληλος
915 3277 1012 3366 ῆχθω
1036 3277 1142 3365 ῆΓΔ.

203 3439 587 3529 1.ιζ]ρ,.,..οωλίωῖτ
643 3441 1142 3513 9.AP]cvp,...Aecorrle

166 3519 208 3572 19
228 3512 591 3586 ιη]ροοιῖίω2τ
