2438 3892
408 108 625 162 comconun
642 109 752 160 nmen
769 109 820 161 111.
1055 106 1119 171 329

585 287 642 352 VI.

165 412 290 479 Iisdem
309 399 488 497 suppositis
508 412 589 477 siin
608 414 711 477 altera
726 411 949 496 oppositarum
963 414 1120 494 punctum

96 519 231 606 aliquod
260 519 413 604 sumitur,
441 523 474 584 et
501 520 543 584 ab
568 540 605 585 eo
628 504 736 583 rectae
760 517 1025 602 contingentibus
1048 539 1119 600 par·

96 626 216 692 allelae
244 626 407 691 ducuntur
437 629 470 690 et
497 647 572 691 cum
599 624 863 709 contingentibus
892 627 925 688 et
951 645 1024 688 cnm
1053 623 1119 687 dia·

98 732 216 799 metris
243 735 484 816 concurrentes,
512 731 756 817 quadrangulus
785 731 826 795 ab
854 730 895 795 iis
920 730 1120 795 adulteram

99 838 362 925 contingentium
386 839 588 921 alteramque
609 837 804 903 diametrum
823 837 955 902 effectus
976 836 1119 919 aequalis

99 947 164 1012 erit
199 944 367 1031 triangulo
400 944 441 1009 ad
474 944 610 1009 eandem
642 945 886 1030 contingentem
919 944 1119 1025 alteramque

101 1052 298 1117 diametrum
321 1055 401 1117 orto.

169 1158 237 1224 sint
259 1159 439 1242 oppositae,
462 1179 599 1243 quarum
623 1157 772 1222 diametri
796 1158 862 1221 sint
880 1159 989 1239 ΑΕΓ,
1008 1159 1119 1237 ΒΕΔ,

103 1270 136 1331 εὴ
163 1264 342 1330 sectionem
365 1270 431 1329 AB
456 1266 650 1349 contingant
672 1269 765 1347 ΑΖ,“
779 1268 847 1328 ΒΗ
869 1263 954 1328 inter
977 1285 1012 1327 se
1034 1263 1067 1325 in
1092 1266 1120 1326 Θ

103 2171 343 2251 concurrentes,
366 2171 514 2232 sumatur
537 2170 646 2232 autem
669 2169 703 2233 in
722 2170 865 2234 sectione
884 2171 1041 2254 punctum
1060 2168 1118 2231 ali-

101 2275 189 2361 quod
211 2277 258 2358 K,
282 2275 323 2338 ab
347 2295 448 2357 eoque
471 2274 736 2361 contingentibus
760 2276 937 2360 parallelae
961 2275 1119 2340 ducantur

101 2385 225 2460 KMA,
248 2379 363 2453 ΚΝΞ.
409 2380 495 2465 dico,
518 2402 589 2445 esse
612 2384 735 2445 KZ⁴=
750 2384 856 2446 AIN.

167 2488 235 2553 iam
262 2487 415 2571 quoniam
441 2491 521 2572 AB,
544 2490 610 2552 ΓΔ
643 2489 802 2553 sectiones
835 2486 1004 2570 oppositae
1035 2489 1119 2568 sunt,

102 2598 135 2659 et
162 2594 340 2659 sectionem
362 2597 428 2659 AB
454 2594 616 2678 contingit
637 2598 704 2658 ΑΖ
727 2616 801 2659 cum
824 2597 892 2657 BA
916 2613 1119 2677 concurrens,

101 2688 209 2766 rectae
227 2704 337 2767 antem
351 2704 417 2766 ΑΖ
432 2700 592 2785 parallela
607 2702 703 2766 ducta
717 2703 768 2765 est
780 2703 815 2764 K
818 2705 858 2784 A,
872 2700 935 2764 erit
950 2700 1054 2784 [prop.
1068 2698 1117 2782 II]

104 2809 257 2871 AIN=
275 2810 345 2870 KZ.

572 2895 645 2961 VII.

167 3018 289 3084 Iisdem
321 3020 498 3104 suppositis
532 3021 560 3085 si
591 3020 627 3085 in
659 3025 796 3104 utraque
829 3021 970 3103 sectione
997 3025 1118 3106 puncta

101 3126 212 3211 aliqua
239 3130 421 3211 sumuntur,
448 3130 482 3192 et
509 3128 550 3191 ab
579 3128 620 3192 iis
648 3127 915 3211 contingentibus
942 3128 1117 3211 parallelae

101 3233 262 3298 ducuntur
275 3238 382 3299 rectae
399 3238 519 3300 etcum
533 3234 800 3319 contingentibus
815 3239 934 3300 etcum
949 3234 1117 3299 diametris

101 3344 337 3426 concurrentes,
359 3341 576 3426 quadranguli
599 3340 696 3405 rectis
714 3341 763 3405 ita
782 3341 888 3406 ductis
908 3341 1012 3405 effecti
1033 3344 1065 3405 et
1084 3341 1117 3404 in

102 3446 268 3512 diametris
291 3449 441 3514 collocati
464 3449 551 3513 inter
575 3470 609 3513 se
633 3446 786 3530 aequales
811 3449 914 3511 erunt.
