2438 3892
35 158 40 169 ”
159 149 223 214 110
552 153 720 208 mmm
739 150 779 210 α’.

157 290 279 379 μεταξὺ
305 303 364 380 τῆς
386 296 595 381 κατηγμένης
617 295 674 363 καὶ
696 303 755 383 τῆς
779 297 1014 385 ἐφαπτομένης
1035 299 1176 388 περιέξει

157 406 283 488 χωρίον
318 400 424 487 λόγον
461 406 539 488 ἔχον
575 426 659 490 προς
694 400 733 470 τὸ
770 402 836 472 ἀπὸ
873 415 934 492 τῆς
969 408 1178 494 κατηγμένης

156 507 378 595 τετράγωνον,
403 505 445 576 ὃν
467 506 488 596 ἡ
512 515 636 595 πλαγία
658 508 785 598 πλευρὰ
809 512 893 599 πρὸς
915 536 980 599 την
999 510 1136 599 ὀρθίαν.

224 621 308 684 έστω
339 612 510 703 ὑπερβολί
542 615 563 700 θ’,
595 621 739 698 ἔλλειψις
768 616 789 703 ἐ,
817 617 945 686 κύκλου
972 620 1176 708 περιφέρεια,

122 713 197 809 οῆς
230 720 406 809 διάμετρος
432 718 453 807 ἡ
482 728 563 805 AB,
595 722 651 790 καὶ
680 725 892 810 ἐφαπτομένη
920 721 1017 810 ἤχθω
1046 721 1069 810 ἡ
1098 732 1177 810 ΓΔ,

157 829 214 897 καὶ
240 829 398 916 κατήχθω
425 829 631 915 τεταγμένως
653 826 674 916 ἡ
699 835 776 914 ΓΕ,
804 830 946 918 κέντρον
970 829 1008 898 δὲ
1032 835 1118 898 ἔστω
1140 830 1175 900 τὸ

158 942 194 1002 Ζ.
241 936 339 1021 λέγω,
368 932 421 1003 ὅτι
448 943 524 1003 ίσον
552 935 621 1002 ἐστὶ
648 933 686 1004 τὸ
713 932 781 1004 ὑπὸ
805 943 909 1003 ΔΖΕ
934 939 979 1028 τῷ
1009 934 1076 1004 ἀπὸ
1103 944 1176 1021 ΖΒ,

158 1041 214 1108 καὶ
238 1037 284 1120 ὡς
301 1041 339 1109 τὸ
359 1036 426 1108 ὑπὸ
446 1048 548 1107 ΔΕΖ
567 1043 651 1129 πρὸς
668 1042 706 1110 τὸ
726 1038 792 1109 ἀπὸ
812 1047 889 1127 ΕΓ,
914 1036 934 1128 ἡ
954 1049 1082 1129 πλαγία
1099 1068 1178 1132 προς

157 1146 220 1232 τὴν
244 1144 379 1233 ὀρθίαν.

106 1270 140 1320 10
226 1253 296 1321 ἐπεὶ
323 1250 386 1340 γὰρ
415 1253 593 1339 ἐφάπτεται
621 1251 732 1339 MA
759 1263 817 1342 τῆς
844 1266 963 1342 τομῆς,
990 1256 1047 1322 καὶ
1071 1282 1174 1342 τεταγ-

158 1362 265 1449 μένως
287 1370 444 1446 κατῆκται
468 1357 488 1446 ἡ
513 1365 588 1446 ΓΕ,
613 1364 715 1445 ἔσται,
740 1357 827 1447 ὥςὴ
855 1369 926 1427 ΑΔ
948 1358 1033 1447 πρὸς
1052 1357 1173 1449 ΔΒ,ἡ

157 1476 227 1536 ΑΕ
247 1465 331 1556 πρὸς
350 1473 422 1535 ΕΒ.
463 1468 626 1535 συνθέντι
649 1465 715 1552 ἄρα
734 1469 836 1553 ἐστίν,
861 1464 906 1548 ὡς
924 1468 1173 1556 συναμφότερος

157 1574 179 1664 ἡ
199 1585 281 1661 ΑΛ,
301 1582 368 1642 ΔΒ
385 1572 468 1660 πρὸς
483 1580 564 1657 ΔΒ,
584 1571 693 1653 οὕτως
710 1573 968 1661 συναμφότερος
986 1571 1007 1660 ἡ
1023 1582 1103 1661 ΑΕ,
1117 1580 1172 1642 ΕΒ

158 1681 242 1769 πρὸς
270 1688 342 1748 ΕΒ.
392 1680 447 1747 καί
479 1683 548 1748 τῶν
575 1677 774 1767 ἡγουμένων
801 1682 841 1748 τὰ
868 1677 985 1768 ἡμίση·
1037 1682 1092 1748 ἐπὶ
1118 1679 1172 1768 μέν

107 1803 140 1852 15
159 1791 217 1874 τῆς
240 1784 427 1874 ὑπερβολῆς
450 1788 605 1873 ἐροῦμεν·
647 1784 732 1855 ἄλλα
756 1790 1014 1877 συναμφοτέρου
1036 1787 1101 1872 μέν
1121 1797 1172 1872 τῆς
1211 1874 1213 1881 Ι

159 1900 240 1978 ΑΕ,
264 1899 327 1959 ΕΒ
359 1889 492 1979 ἡμίσειά
526 1895 616 1961 ἐστιν
649 1890 670 1980 ἡ
700 1901 776 1979 ΖΕ,
809 1904 867 1982 της
894 1893 932 1962 δέ
960 1901 1026 1961 ΑΒ
1055 1892 1076 1982 ἡ
1106 1899 1171 1962 ΖΒ·
1209 1930 1213 1983 .'

159 1996 204 2080 ὦς
227 1997 293 2085 ἄρα
315 1995 335 2084 ί,
361 2005 425 2065 ΖΕ
446 1999 530 2086 πρὸς
553 2007 631 2084 ΕΒ,
659 1996 680 2086 ἡ
705 2007 766 2066 ΖΒ
790 2000 874 2090 πρὸς
897 2008 974 2067 ΒΔ.
1020 1997 1173 2088 ἄναστρέ-
1210 2032 1213 2075 ι

160 2120 260 2187 φαντι
282 2106 348 2195 ἄρα
367 2107 470 2191 ἐστίν,
493 2102 538 2185 ὡς
557 2102 578 2192 ἡ
597 2112 660 2172 ΕΖ
678 2104 761 2193 πρὸς
780 2114 857 2192 ΖΒ,
876 2105 897 2194 ἡ
917 2114 978 2174 ΖΒ
998 2104 1083 2195 πρὸς
1102 2111 1174 2174 ΖΔ·
1210 2104 1213 2151 5

160 2222 236 2282 ίσον
264 2211 329 2299 ἄρα
358 2211 426 2279 ἐστὶ
453 2210 491 2280 τὸ
519 2207 585 2280 ὑπὸ
615 2219 718 2279 ΕΖΔ
745 2223 790 2303 τῷ
820 2210 884 2280 ἀπὸ
910 2219 979 2280 ΖΒ.
1025 2213 1083 2280 καὶ
1111 2214 1177 2280 ἐπεί

106 2339 140 2386 20
160 2325 262 2406 ἐστιν,
281 2319 326 2401 ὡς
349 2317 369 2406 ἡ
390 2327 455 2387 ΖΕ
475 2316 559 2405 πρὸς
577 2326 654 2405 ΕΒ,
677 2316 697 2404 ἡ
718 2326 779 2385 ΖΒ
797 2321 881 2407 πρὸς
900 2327 983 2403 ΒΔ,
1005 2321 1174 2388 τουτέστιν
1209 2398 1212 2419 Ι

159 2428 264 2517 ἡΑΖ
288 2427 370 2516 πρὸς
390 2434 473 2512 ΑΒ,
497 2425 650 2509 ἐναλλάξ,
674 2423 718 2504 ὡς
741 2423 761 2512 ἡ
782 2434 846 2493 ΑΖ
865 2425 949 2513 πρὸς
968 2434 1046 2511 ΖΕ,
1071 2426 1092 2513 ἡ
1113 2430 1173 2492 ΔΒ
1210 2434 1212 2483 ἶ

159 2536 243 2619 πρὸς
262 2543 337 2603 ΒΕ·
375 2534 547 2616 συνθέντι,
572 2529 617 2611 ὡς
640 2528 660 2619 ἡ
680 2540 749 2599 ΑΕ
764 2531 847 2618 πρὸς
866 2540 943 2618 ΕΖ,
966 2528 988 2619 ἡ
1010 2541 1081 2600 ΔΕ
1096 2534 1176 2617 πρὸς

160 2651 236 2710 ΕΒ·
284 2640 367 2710 ὥστε
394 2639 432 2708 τὸ
461 2637 526 2708 ὑπὸ
555 2647 655 2707 ΑΕΒ
685 2648 760 2706 ίσον
787 2650 833 2731 τῷ
862 2636 927 2707 ὑπὸ
953 2645 1065 2706 ΖΕΔ.
1111 2643 1175 2705 έστι
1210 2726 1212 2733 Ι

161 2747 199 2815 δὲ
222 2745 267 2826 ὡς
289 2747 327 2815 τὸ
351 2745 416 2815 ὑπὸ
437 2754 536 2814 ΑΕΒ
560 2745 644 2831 πρὸς
665 2745 704 2813 τὸ
728 2743 793 2813 ἀπὸ
813 2753 891 2830 ΓΕ,
915 2742 935 2831 ἡ
955 2750 1079 2830 πλαγία
1097 2743 1176 2830 πρὸς

107 2867 140 2916 ιο
159 2853 221 2939 τὴν
252 2851 390 2941 ὀρθίαν·
436 2853 492 2920 καὶ
516 2850 561 2933 ὡς
583 2851 648 2939 ἄρα
671 2850 708 2920 τὸ
733 2848 797 2920 ὑπὸ
823 2858 924 2919 ΖΕΔ
947 2852 1029 2939 πρὸς
1052 2851 1090 2919 τὸ
1113 2848 1174 2918 ἀπὸ

160 2964 239 3040 ΓΕ,
262 2955 282 3045 ἡ
301 2965 425 3044 πλαγία
443 2958 527 3048 πρὸς
545 2958 606 3045 τὴν
627 2956 760 3047 ὀρθίαν.
799 2957 851 3026 ἐπὶ
871 2957 909 3025 δὲ
927 2968 984 3044 τῆς
1004 2960 1176 3038 ἐλλείψεως
1209 2986 1211 3049 3

160 3065 216 3132 καὶ
234 3077 295 3132 τοῦ
314 3064 452 3133 κύκλου·
491 3063 575 3133 ἀλλὰ
591 3066 849 3152 συναμφοτέρου
863 3064 925 3152 μὲν
939 3068 998 3150 τῆς
1012 3072 1045 3130 A
1052 3073 1096 3149 A,
1113 3069 1174 3131 ΔΒ
1209 3120 1211 3127 .

161 3170 295 3259 ἡμίσειά
330 3173 420 3239 ἐστιν
452 3169 473 3258 ἡ
503 3179 585 3254 ΛΖ,
616 3182 675 3258 τῆς
707 3169 744 3238 δέ
772 3178 838 3238 AB
871 3167 1005 3257 ἡμίσεια
1041 3162 1174 3252 ἐστινὴ

234 3371 257 3420 8.
279 3364 367 3435 ΔΕΖ]
391 3368 473 3418 ΕΔΖ
493 3365 530 3433 V3
555 3381 624 3420 corr.
644 3365 760 3423 Memus.
848 3371 888 3419 11.
911 3365 980 3435 PE]
1004 3368 1028 3418 Ε
1048 3365 1087 3431 V;
1111 3379 1174 3418 corr.

161 3439 277 3492 Memus.
353 3443 393 3492 13.
414 3442 468 3490 ΑΔ
487 3467 520 3476 -
540 3436 607 3507 ΑΕ]
628 3454 682 3491 om.
702 3436 740 3505 V;
765 3454 833 3492 corr.
854 3437 971 3491 Memus.
1051 3443 1092 3490 14.
1113 3430 1173 3505 μέν]
1209 3446 1211 3495 Ι

161 3527 212 3565 scr.
232 3506 284 3580 μὲν
303 3498 372 3564 οὖν.
1209 3498 1211 3549 !
