2438 3892
187 143 230 207 32
582 143 748 197 Κααιαιια
767 137 808 198 ι’.

187 287 291 352 τοῦΘ
310 290 451 371 σημείου
473 287 513 372 τῇ
531 283 593 369 μὲν
608 289 674 350 ΒΓ
693 282 906 369 παράλληλος
928 281 1034 370 ῇχθω
1060 283 1085 374 ἡ
1106 293 1211 374 ΚΘΔ,

187 395 228 479 τῇ
241 389 278 458 δὲ
290 397 361 457 ΛΕ
369 389 580 478 παράλληλος
590 387 610 476 ῇ
620 399 657 456 Μ
663 395 746 458 ΘΝ·
764 389 802 458 τὸ
815 387 881 476 άρα
891 387 948 457 διὰ
957 395 1034 460 τῶν
1044 399 1085 460 Κ
1089 401 1135 480 Λ,
1144 400 1214 462 ΜΝ

188 499 346 566 ἐπίπεδον
362 495 578 584 παράλληλόν
593 498 660 564 έστι
675 499 719 587 τῇ
736 497 793 564 διὰ
806 500 876 564 τῶν
890 501 965 582 ΒΓ,
983 506 1021 564 Δ
1026 505 1068 567 Ε.
1100 500 1212 580 κύκλος

186 603 253 692 άρα
268 604 337 672 έστλ
350 603 387 671 τὸ
405 609 563 671 ΚΛΜΝ
578 605 745 671 ἐπίπεδον.
782 603 837 671 καλ
853 602 922 671 έπελ
935 601 978 670 τά
995 613 1045 692 Δ,
1061 613 1108 694 Ε,
1124 610 1215 694 Μ,Ν

151 725 167 775 5
187 724 305 798 σημεῖα
330 712 367 779 έν
390 713 436 800 τῳ
460 711 618 795 τέμνοντί
638 710 729 777 ἐστιν
753 711 909 801 ἐπιπέδῳ,
932 713 1009 778 ἔστι
1035 712 1079 781 δὲ
1103 715 1163 782 καὶ
1184 716 1213 783 ἐν

186 822 224 905 τῇ
256 820 434 906 ἐπιφανείᾳ
462 821 524 885 τοῦ
551 815 679 902 κάνου,
708 817 761 884 ἐπί
789 820 849 903 τῇς
874 819 993 902 κοινῇς
1018 816 1095 906 άρα
1120 825 1213 908 τομῆς

188 925 292 990 ἐστιν·
316 921 457 1008 ηὔξηται
475 924 541 1006 άρα
559 920 580 1008 ἡ
600 929 703 989 ΑΖΕ
724 922 820 1012 μέχρι
842 927 910 992 τῶν
925 930 976 1008 Μ,
993 931 1036 991 Ν
1056 934 1212 1014 σημείων.

187 1027 391 1115 αὐξηθείσης
423 1027 488 1112 άρα
521 1033 578 1114 τῇς
607 1031 802 1114 ἐπιφανείας
830 1033 890 1096 τοῦ
918 1029 1040 1098 κώνου
1069 1035 1134 1102 καὶ
1161 1037 1213 1103 τοῦ

187 1136 366 1221 τέμνοντος
386 1137 544 1202 ἐπιπέδου
562 1135 657 1222 μέχρι
675 1139 736 1202 τοῦ
752 1142 911 1202 ΚΛΜΝ
924 1132 1059 1206 κύκλου
1075 1139 1212 1228 ηὔξηται

136 1256 169 1305 10
188 1241 244 1307 καλ
267 1237 288 1325 ἡ
309 1247 413 1307 ΔΖΕ
433 1238 517 1326 τομῇ
542 1242 637 1328 μέχρι
659 1251 728 1309 τῶν
751 1248 801 1327 Μ,
821 1247 855 1308 Ν
880 1246 1040 1327 σημείων.
1094 1244 1212 1334 ὁμοίως

188 1345 230 1433 δὴ
255 1348 418 1435 δείξομεν,
443 1344 494 1414 ὅτι
516 1353 586 1433 καί,
609 1345 669 1414 ἐάν
688 1351 735 1425 είς
751 1345 891 1434 ἄπειρον
911 1347 1126 1436 έκβάλληται
1145 1352 1211 1441 ῇτε

188 1458 251 1522 τοῦ
272 1452 386 1522 κάνου
410 1452 589 1540 ἐπιφάνεια
615 1452 732 1521 καὶτὸ
757 1454 879 1539 τέμνον
904 1453 1087 1543 ἐπίπεδον,
1120 1456 1212 1544 καλῇ

188 1568 375 1629 ΜΔΖΕΝ
398 1560 481 1646 τομῇ
506 1564 553 1639 είς
576 1557 717 1647 άπειρον
742 1558 977 1646 αὐξηθήσεται.

253 1668 309 1735 καὶ
338 1666 504 1753 φανερόν,
536 1665 586 1734 ὅτι
614 1665 703 1754 πάση
731 1670 771 1754 τῇ
802 1670 942 1754 δοθείσῇ
976 1664 1106 1761 εὐθείᾳ
1142 1682 1213 1759 ίσην

137 1788 169 1837 15
190 1772 399 1858 άπολῇψεταί
415 1799 465 1851 τις
483 1770 549 1840 άπὸ
563 1777 622 1859 τῇς
636 1781 697 1841 ΖΘ
717 1772 852 1852 εὐθείας
865 1771 949 1860 πρὸς
963 1776 1011 1865 τῷ
1028 1784 1059 1843 Ζ
1079 1785 1213 1873 σημείῳ

190 1878 248 1946 ἐὰν
267 1877 330 1965 γάρ
350 1882 389 1967 τῇ
413 1883 553 1968 δοθείση
573 1888 651 1966 ίσην
665 1884 782 1968 θῶμεν
801 1879 864 1966 την
879 1881 941 1956 ΖΞ
956 1880 1015 1946 καὶ
1036 1882 1100 1951 διὰ
1115 1888 1214 1962 τοῦΞ

187 1990 227 2072 τῇ
253 1993 323 2051 ΔΕ
344 1984 561 2071 παράλληλον
584 1983 779 2072 άγάγοιμεν,
808 1994 1026 2073 συμπεσεῖται
1050 1992 1096 2078 τῇ
1121 1996 1212 2080 τομῇ,

189 2089 299 2176 ὥσπερ
326 2091 382 2157 καλ
410 2090 430 2176 ἡ
463 2091 518 2159 διὰ
546 2096 608 2158 τοῦ
635 2098 664 2159 Θ
692 2091 875 2179 ἀπεδείχθη
905 2098 1152 2177 σνμπίπτουσα
1178 2102 1211 2186 τῇ

188 2202 273 2287 τομῇ
297 2195 441 2265 κατὰτὰ
465 2204 520 2281 Μ,
540 2204 578 2264 Ν
602 2211 733 2283 σημεῖα·
765 2196 848 2266 ὥστε
872 2196 990 2283 άγεταί
1008 2226 1064 2279 τις
1093 2202 1210 2299 εὐθεῖα

136 2319 170 2368 20
191 2310 425 2392 σνμπίπτονσα
449 2307 488 2392 τῇ
511 2307 595 2391 τομῇ
619 2306 832 2391 παράλληλος
857 2296 942 2373 οὐσα
964 2308 1004 2394 τῇ
1030 2316 1109 2376 ΔΕ
1136 2310 1210 2380 άπο

190 2412 409 2499 λαμβάνουσα
439 2409 503 2478 άπὸ
532 2413 590 2496 τῇς
619 2419 690 2479 ΖΗ
715 2411 855 2481 εὐθεῖαν
888 2422 965 2499 ίσην
993 2417 1035 2501 τῇ
1067 2418 1209 2507 δοθείση

190 2517 273 2602 πρὸς
295 2523 340 2611 τῇ
366 2527 392 2586 Ζ
417 2523 552 2608 σημείῳ.

672 2658 722 2728 θ’.

254 2780 333 2849 Ἐάν
347 2787 455 2862 κῶνος
469 2786 611 2873 ἐπιπέδῳ
625 2787 737 2871 τμηθῇ
754 2788 975 2868 συμπίπτοντι
989 2783 1053 2869 μὲν
1072 2789 1209 2879 ἑκατέρᾳ

136 2903 169 2952 25
189 2895 316 2976 πλευρᾷ
343 2891 405 2956 τοῦ
434 2888 490 2955 διά
514 2894 575 2957 τοῦ
599 2888 718 2970 άξονος
740 2888 922 2975 τριγώνου,
950 2888 1031 2975 μήτε
1057 2894 1097 2962 δὲ
1122 2894 1209 2982 παρὰ

189 2991 251 3078 τὴν
275 2992 377 3079 βάσιν
397 2993 530 3086 ἠγμένῳ
550 2994 630 3081 μήτε
649 2994 865 3082 ὑπεναντίως,
889 2993 1012 3083 ἡτομῇ
1034 2995 1099 3067 οὐκ
1120 3008 1208 3071 ἔσται

188 3098 316 3178 κύκλος.

257 3212 340 3273 ἔστω
364 3209 481 3290 κῶνος,
506 3197 547 3273 οὗ
570 3207 703 3294 κορυφῇ
727 3205 789 3292 μὲν
811 3207 848 3276 τὸ
873 3218 905 3275 Α
929 3221 1087 3298 σημεῖον,
1112 3216 1210 3300 βάσις

191 3313 228 3381 δὲ
257 3310 274 3380 ὁ
303 3318 370 3379 ΒΓ
398 3313 532 3397 κύκλος,
563 3312 619 3379 καὶ
651 3312 828 3400 τετμήσθω
858 3316 999 3406 ἐπιπέδῳ
1028 3319 1099 3385 τινὶ
1128 3322 1209 3408 μήτε

260 3497 285 3547 2.
304 3490 419 3561 ΜΘΝ]
439 3506 466 3559 p,
486 3491 586 3544 ΘΜΝ
601 3490 635 3545 V.
708 3498 732 3546 6.
752 3492 850 3564 τομῇς]
871 3510 918 3562 op,
937 3493 1007 3563 τομῇ
1028 3493 1061 3547 V.
