2438 3892
410 174 625 245 corucouuu
642 174 752 226 amna
769 176 818 227 ΠΙ.
1053 174 1119 238 343

97 322 235 400 rectum,
257 317 305 383 ita
328 317 416 382 latus
439 321 563 382 rectum
586 317 709 401 figurae
731 318 772 382 ad
790 322 859 382 BA
878 318 1059 401 adplicatae
1079 318 1118 383 ad

98 429 325 491 transuersum
354 423 392 508 [1,
415 424 482 506 56].
527 425 637 508 itaque
665 424 749 488 ratio
772 424 803 497 Ξ
809 428 856 489 T:
875 428 939 488 ΤΣ
958 423 1119 489 rationem

102 531 240 598 habebit
260 530 475 614 compositam
494 552 533 595 ex
551 529 678 595 ratione
696 535 757 595 ΘΒ
773 555 780 594 :
795 534 857 594 ΒΖ
876 530 945 594 siue
964 533 1031 594 ΘΤ
1037 554 1044 594 :
1059 532 1119 594 TO

101 641 134 703 et
161 661 213 722 ea,
242 658 342 722 quam
368 637 468 702 habet
494 637 580 701 latus
609 640 733 701 rectum
761 637 884 721 figurae
907 636 948 700 ad
972 640 1041 699 ΒΔ
1065 636 1119 700 ad·

101 745 243 828 plicatae
267 743 308 807 ad
331 745 564 808 transuersum.
601 748 634 808 et
657 746 790 826 propter
814 765 859 827 ea,
884 764 965 826 quae
989 743 1023 806 in
1046 763 1120 825 pro·

102 850 264 932 positione
287 848 361 913 XLI
384 850 460 913 libri
483 848 582 931 primi
605 847 913 933 demonstrauimus,
937 850 999 914 erit

392 957 485 1017 Teo
500 985 541 1006 --
556 953 711 1035 :ems
727 959 831 1019 uzo.

167 1083 267 1145 quare
292 1061 391 1125 etiam
418 1063 511 1124 Teo
526 1090 568 1112 =
583 1059 685 1132 ΞΤΣ
696 1062 737 1140 :l-
755 1063 859 1125 ΑΗΘ
884 1063 989 1145 [prop.
1012 1059 1118 1143 XIII].

576 1252 647 1318 XV.

169 1379 206 1446 Si
247 1382 353 1444 rectae
392 1399 491 1442 unam
529 1378 710 1442 sectionum
747 1380 970 1462 oppositarum
1008 1379 1120 1443 coniu-

102 1491 255 1573 gatorum
279 1485 506 1568 contingentes
530 1487 738 1568 concurrunt,
766 1488 799 1548 et
821 1507 879 1567 per
902 1488 1023 1567 puncta
1047 1506 1120 1549 con·

99 1597 209 1659 tactus
236 1591 386 1656 diametri
409 1591 580 1675 ducrmtur,
608 1590 643 1653 in
666 1591 780 1672 queuis
805 1593 914 1655 autem
939 1591 1118 1655 sectionum

100 1701 351 1784 coniugatorum
375 1701 530 1781 punctum
555 1696 686 1780 aliquod
705 1697 854 1782 sumitur,
878 1701 911 1761 et
930 1697 971 1761 ab
990 1718 1027 1761 eo
1047 1718 1120 1762 con·

100 1806 305 1891 tingentibus
334 1804 511 1888 parallelae
534 1807 642 1868 rectae
672 1825 775 1886 usque
799 1802 838 1867 ad
862 1802 1039 1868 diametros
1064 1803 1119 1867 du·

101 1915 228 1996 cuntur,
247 1911 431 1994 triangulus
451 1909 546 1973 abiis
562 1909 603 1973 ad
618 1910 792 1974 sectionem
806 1909 939 1975 effectus
954 1910 1119 1994 triangulo

101 2019 142 2084 ad
171 2021 318 2082 centrum
347 2022 419 2081 orto
446 2015 551 2080 maior
579 2019 630 2079 est
657 2017 824 2102 triangulo
852 2017 957 2081 basim
984 2017 1117 2082 habent'

101 2123 359 2208 contingentem,
388 2122 544 2186 uerticem
573 2125 682 2186 autem
710 2127 855 2189 centrum
880 2125 1113 2208 oppositarum.

169 2229 237 2294 sint
259 2229 428 2313 oppositae
453 2228 643 2312 coniugatae
667 2233 742 2312 ΑΒ,
765 2233 845 2314 ΗΣ,
871 2234 905 2315 Τ,
924 2229 960 2309 Ξ,
984 2252 1118 2313 quarum

100 2338 248 2402 centrum
276 2335 319 2398 sit
345 2338 387 2413 Θ,
415 2337 448 2398 et
478 2333 653 2398 sectionem
686 2339 752 2398 AB
781 2338 977 2420 contingant
1004 2341 1119 2416 ΑΔΕ,

101 2443 213 2526 ΒΔΓ,
236 2462 295 2525 per
314 2447 354 2524 A,
374 2443 401 2503 B
421 2444 528 2504 autem
548 2446 670 2523 puncta
689 2445 856 2505 contactus
876 2441 1034 2505 ducantur
1054 2442 1119 2505 dia-

101 2546 200 2613 metri
232 2550 382 2630 ΑΘΖΦ,
414 2548 525 2629 ΒΗΤ,
562 2546 660 2609 et0in
695 2545 835 2609 sectione
869 2548 942 2609 ΗΣ
973 2551 1120 2610 sumatur

101 2656 259 2741 punctum
293 2651 425 2735 aliquod
453 2656 498 2736 Σ,
530 2655 563 2715 et
592 2673 650 2736 per
678 2650 711 2714 id
738 2655 845 2715 rectae
872 2653 941 2714 ΒΓ
963 2652 1120 2735 parallelo

103 2760 242 2825 ducatur
265 2761 374 2836 ΣΖΛ,
398 2762 506 2822 rectae
530 2761 638 2821 autem
667 2761 732 2821 ΑΕ
753 2757 910 2840 parallelo
928 2760 1002 2821 ΣΥ.
1040 2756 1120 2837 dioc,

103 2887 175 2932 esse
198 2868 304 2928 ΣΛΥ
317 2894 358 2916 =
373 2867 471 2928 ΘΛΖ
488 2868 527 2945 -Ι-
544 2866 648 2928 ΘΓΒ.

170 2972 307 3036 ducatur
339 2972 423 3035 enim
455 2992 513 3053 per
541 2975 569 3035 Θ
595 2973 703 3035 rectae
732 2971 800 3034 ΒΓ
826 2970 984 3053 parallelo
1011 2971 1119 3052 ΞΘΗ,

102 3100 162 3162 per
188 3081 226 3141 H
252 3081 360 3141 autem
388 3080 496 3141 rectae
526 3081 594 3144 ΑΕ
623 3076 783 3160 parallela
810 3080 872 3140 ΚΙ
874 3081 920 3162 Η,
953 3081 986 3141 et
1012 3084 1119 3143 rectae

102 3187 172 3250 BT
194 3183 352 3266 parallelo
375 3186 455 3266 ΣΟ,
481 3183 691 3248 manifestum
714 3181 829 3268 igitur,
858 3205 927 3248 esse
955 3184 1034 3270 ΞΗ,
1056 3189 1125 3248 ΒΤ

101 3291 279 3356 diametros
309 3279 499 3374 coniugatas
528 3288 589 3370 [IL
619 3291 691 3371 20],
720 3293 752 3353 et
774 3293 896 3355 rectam
923 3295 990 3355 ΣΟ
1013 3296 1119 3355 rectae

102 3400 172 3461 BT
185 3395 376 3480 parallelam
392 3395 432 3459 ad
446 3399 549 3459 ΘΗΟ
563 3395 711 3460 ordinate
727 3395 856 3460 ductam
871 3418 941 3461 esse
958 3395 987 3476 [I
1001 3397 1062 3461 def.
1074 3397 1119 3477 6],

102 3507 137 3568 et
159 3505 299 3566 ΣΛΘΟ
321 3502 662 3586 parallelogrammum
687 3522 765 3564 esse.
