2446 3916
127 169 195 236 434
528 165 695 220 mmm
713 164 753 235 γ’.

129 319 196 397 ἴση.
243 328 328 378 ωστε
350 308 407 376 καὶ
430 304 450 394 ἡ
475 313 542 374 ΕΛ
566 311 606 396 τῇ
629 313 709 374 AM
730 313 794 392 ἴση.
838 305 895 373 καὶ
919 306 994 375 ἐπεὶ
1022 304 1161 398 ἐδείχθη

129 415 151 505 ἡ
174 414 241 485 ὑπὸ
261 421 356 483 ΓΕΖ
379 418 486 502 γωνία
504 417 544 503 τῇ
563 409 630 481 ὑπο
645 418 759 480 ΔΕΗ
777 421 844 499 ἴση,
867 409 889 499 ἡ
913 412 954 480 δὲ
973 410 1049 483 ὑπὸ
1066 423 1162 483 ΓΕΖ

131 531 186 610 ἴση
216 523 284 591 ἐστὶ
311 524 351 609 τῇ
381 517 447 587 ὑπὸ
470 526 599 606 ΕΜΗ,
632 527 687 605 ἴση
716 519 783 607 ἄρα
810 518 866 586 καὶ
893 516 915 605 η
945 517 1164 590 ὑπὸἘΜΗ

128 634 170 720 τῇ
200 626 260 697 ὖπῖ
289 633 410 694 ΜΕΗ.
457 633 513 712 ἴση
541 623 607 712 ἄρα
633 625 690 692 καῖ
717 622 738 713 ἡ
767 631 841 692 ΕΗ
867 628 907 714 τῇ
932 633 1028 696 ΗΜ.
1078 625 1161 697 ἄλλα

92 734 187 810 5καῖ
210 731 231 820 ἡ
256 740 322 801 ΕΛ
345 734 386 821 τῇ
410 738 490 799 AM
513 734 649 819 ἐδείχθη
674 739 743 819 ἴση·
780 729 921 813 κάθετος
946 731 1017 818 ἄρα
1042 762 1066 821 η
1090 741 1161 803 HA

131 842 183 910 ἐπὶ
207 839 269 927 τὴν
292 846 375 906 ΕΜ.
422 835 508 906 ὥστε
532 835 648 906 διὰτὸ
672 838 875 926 προδειχθὲν
898 834 992 927 ὀρθή
1018 837 1160 927 ἐστινὴ

130 944 196 1015 ὑπὸ
214 952 326 1031 ΑΛΒ,
349 945 405 1012 καῖ
430 942 448 1012 ὁ
472 945 548 1032 περὶ
567 942 747 1032 διάμετρον
766 945 829 1030 την
843 952 908 1011 AB
932 947 1161 1034 γραφόμενος

130 1051 251 1133 κύκλος
274 1052 344 1137 ἥξει
369 1053 425 1118 διὰ
449 1054 510 1118 τοῦ
534 1056 573 1118 A.
610 1055 669 1118 καί
689 1053 781 1118 ἐστιν
804 1058 860 1136 ἴση
884 1047 904 1136 ἡ
929 1058 993 1118 ΘΑ
1017 1063 1062 1141 τῇ
1083 1061 1160 1121 ΘΒ·

130 1159 187 1226 καῖ
210 1154 231 1243 ἡ
256 1164 317 1225 ΘΛ
345 1156 411 1244 ι’ἷρα
441 1159 477 1225 ἐκ
503 1160 565 1225 τοῦ
592 1157 734 1245 κέντρον
758 1148 843 1224 οὖσα
866 1166 926 1224 τοῦ
951 1154 1161 1244 ἡμικυκλίου

78 1291 112 1341 10
131 1273 187 1350 ἴση
211 1264 281 1332 ἐστὶ
303 1267 342 1351 τῇ
367 1270 439 1331 ΘΒ.
657 1348 667 1374 Ι

610 1377 676 1421 να.

195 1474 274 1543 Ἐὰν
293 1472 481 1562 ὑπερβολῆς
495 1470 516 1560 ἢ
531 1478 599 1542 τῶν
614 1470 852 1561 ἀντικειμένην
865 1475 956 1562 παρὰ
970 1473 1035 1544 τὸν
1050 1474 1159 1559 ἄξονα

132 1589 207 1650 ἴσον
237 1576 289 1668 ἐφ’
316 1580 454 1665 ἑκάτερα
481 1584 683 1668 παραβληθῇ
715 1585 761 1670 τῷ
790 1579 932 1669 τετάρτῳ
966 1584 1063 1669 μέρει
1093 1588 1158 1652 τοῦ

132 1691 245 1769 εἴδους
262 1685 478 1775 ὑπερβάλλον
497 1691 579 1754 εἴδει
597 1685 805 1777 τετραγώνῳ,
824 1687 880 1754 καῖ
894 1685 960 1755 ιἰπὸ
974 1693 1047 1757 τῶν
1061 1717 1158 1777 γενο-

75 1820 109 1870 15
130 1794 243 1880 μένων
269 1796 304 1862 ἐκ
327 1798 386 1880 τῆς
408 1797 604 1879 παραβολῆς
626 1797 773 1880 σημείων
796 1800 993 1861 κλασθῶσιν
1018 1795 1158 1866 εὐθεῖαι

127 1901 211 1986 πρὸς
231 1897 466 1985 ὁποτερονοῦν
484 1903 552 1968 τῶν
571 1902 695 1986 τομῶν,
714 1895 735 1984 η
754 1903 873 1986 μείζων
890 1908 951 1985 τῆς
964 1902 1159 1984 ἐλάσσονος

127 2006 280 2089 νπερέχει
302 2010 348 2096 τῷ
373 2007 477 2085 ἄξονι.

194 2115 278 2177 ἔστω
297 2110 361 2198 γὰρ
380 2108 552 2198 ὑπερβολὴ
571 2107 592 2196 ἢ
613 2109 848 2198 ἀνακείμεναι,
868 2104 917 2178 ὧν
931 2110 1021 2193 ἄξων
1038 2113 1057 2181 ὁ
1073 2126 1155 2202 ΑΒ,

128 2217 269 2303 κέντρον
288 2215 325 2282 δὲ
343 2216 381 2283 τὸ
397 2223 435 2301 Γ,
455 2216 510 2281 καῖ
529 2220 574 2306 τῷ
594 2217 737 2308 τετάρτῳ
758 2220 849 2304 με’ρει
868 2222 929 2286 τοῦ
943 2224 1058 2300 εἴδους
1073 2231 1155 2290 ἴσον

73 2349 109 2398 20
129 2328 212 2390 ἔστω
228 2322 385 2410 ἑκάτερον
400 2325 468 2390 τῶν
483 2320 548 2389 ὑπὸ
565 2331 634 2389 ΑΔ
640 2331 679 2409 Β,
693 2331 803 2408 ΑΕΒ,
823 2325 879 2391 καῖ
898 2323 962 2392 ἀπὸ
977 2330 1047 2392 τῶν
1063 2335 1105 2412 Ε,
1121 2339 1155 2396 A

128 2435 275 2517 σημείων
297 2430 541 2496 κεκλοίσθωσαν
564 2429 647 2517 πρὸς
670 2429 732 2516 τὴν
749 2432 907 2516 γραμμὴν
928 2435 964 2497 αἴ
977 2439 1052 2519 ΕΖ,
1071 2442 1153 2503 ZA.

127 2536 224 2621 λέγω,
249 2533 299 2604 ὅτι
323 2533 344 2621 ἡ
368 2543 432 2602 ΕΖ
455 2538 513 2621 της
537 2543 603 2602 ΖΔ
625 2535 777 2624 ὑπερέχει
800 2541 840 2625 τῇ
864 2545 938 2604 AB.

195 2641 291 2728 ἤχθω
311 2639 368 2708 διὰ
386 2645 448 2709 τοῦ
466 2649 493 2707 Ζ
513 2644 723 2728 ἐφαπτομένη
743 2641 764 2728 ἡ
780 2650 888 2727 ΖΚΘ,
910 2642 965 2711 διὰ
986 2644 1024 2711 δὲ
1042 2652 1107 2714 τοῦ
1122 2655 1157 2715 Γ

126 2747 216 2837 παρὰ
239 2750 302 2835 τὴν
327 2756 394 2815 ZA
422 2745 443 2833 ἡ
468 2755 580 2815 ΗΓΘ·
619 2755 673 2833 ἴση
699 2747 764 2834 ἄρα
789 2749 879 2818 ἐστὶν
905 2746 926 2834 ἡ
949 2748 1015 2818 ὑπὸ
1039 2759 1154 2821 ΚΘΗ

73 2858 167 2942 μετῇ
190 2851 256 2921 ὑπὸ
276 2861 394 2922 KZA·
426 2855 567 2934 ἐναλλὰξ
591 2853 664 2940 γάρ.
705 2853 726 2940 ἡ
752 2855 789 2922 δὲ
811 2853 877 2923 ὑπὸ
897 2863 1002 2922 KZA
1025 2865 1081 2944 ἴση
1108 2865 1150 2947 τῇ

126 2956 192 3027 ὑπὸ
222 2967 337 3026 ΗΖΘ·
378 2961 434 3028 καὶ
463 2958 484 3046 ἡ
512 2959 578 3027 ὑπὸ
607 2968 709 3028 ΗΖΘ
741 2960 807 3048 ι’ίρα
835 2971 890 3047 ἴση
915 2964 984 3029 ε’στῖ
1011 2967 1050 3051 τῇ
1079 2963 1150 3033 ὑπὸ

126 3072 236 3130 ΗΘΖ.
288 3075 342 3151 ἴση
372 3066 438 3151 ἄρα
466 3064 578 3152 ἡΗΖ
604 3071 644 3155 τῇ
668 3075 745 3135 ΗΘ.
795 3065 816 3153 ἡ
846 3068 884 3135 δὲ
912 3075 984 3135 ΖΗ
1006 3079 1046 3157 τῇ
1075 3078 1151 3138 ΗΕ

128 3178 199 3256 ἴση,
224 3172 293 3237 ἐπεὶ
316 3172 371 3238 καῖ
395 3169 415 3258 η
440 3180 510 3239 ΑΕ
530 3177 570 3261 τῇ
593 3181 662 3239 BA
684 3173 739 3240 καὶ
763 3170 784 3259 ἡ
808 3180 878 3240 ΑΓ
895 3177 935 3262 τῇ
959 3181 1020 3241 ΓΒ
1044 3178 1100 3243 καὶ
1127 3176 1148 3265 ἡ

199 3375 224 3424 3.
244 3367 357 3439 ΕΜΗ]
375 3368 439 3435 (pr.)
457 3371 560 3423 EHM
576 3370 612 3434 V;
632 3386 701 3424 corr.
720 3387 747 3438 p.
821 3374 863 3423 23.
884 3370 980 3440 ΖΚΘ]
1002 3373 1088 3424 ΖΘΚ
1105 3373 1150 3439 V;

127 3455 195 3493 corr.
216 3458 242 3507 p.
304 3439 345 3510 Γ]
365 3455 440 3506 pev3
461 3455 530 3493 corr.
551 3456 585 3493 ex
603 3445 630 3493 K
647 3459 683 3496 m.
706 3447 719 3494 1
740 3439 774 3494 V.
837 3446 879 3495 27.
901 3443 959 3494 ΗΘ
979 3472 1012 3480 -
1032 3447 1077 3497 28.
1097 3446 1153 3497 καί

126 3509 211 3579 (alt.)]
230 3508 274 3563 bis
292 3509 329 3576 ἴς
350 3525 418 3563 corr.
438 3527 465 3579 p.
