2438 3892
127 157 171 222 30
524 150 751 212 mmsznoe'.

127 296 199 366 κατ’
221 297 360 366 εὐθεῖαν
383 296 467 386 πρὸς
492 295 599 386 ὀρθὰς
623 290 729 366 οὖσαν
749 324 789 386 τη
774 295 907 382 βάσει
928 303 999 368 τοῦ
1020 299 1081 369 διὰ
1097 313 1152 370 τοῦ

128 403 246 503 αξονος
269 401 449 490 τριγώνου,
473 401 494 490 ἡ
519 404 556 471 δὲ
579 402 813 492 διάμετρος
773 429 832 490 της
849 407 1047 494 γινομένης
1067 410 1153 476 ἕν’
1119 433 1153 496 τη

128 498 297 601 ἐπιφανεί
285 540 306 578 α
329 514 433 596 τομής
455 507 530 596 ήτοι
552 507 642 639 παρὰ
666 501 788 595 μίαν
768 511 876 597 ητών
894 515 964 578 τοῦ
984 513 1154 600 τριγώνου

126 621 281 705 πλευρῶν
314 613 335 703 ή
369 622 537 704 συμπίπτῃ
570 612 654 704 αὐτή
688 614 781 695 ἐκτὸς
810 617 868 700 τῆς
899 631 1069 709 κορυφῆς
1099 624 1153 690 τοῦ

92 724 250 809 σκώνου,
273 722 559 810 προσεκβώλληται
584 720 666 789 &N
644 749 665 808 η
690 748 724 790 τε
747 732 808 789 τοῦ
830 720 948 790 κώνου
969 726 1152 814 ἐπιφάνεια

126 833 181 899 καλ
204 830 241 898 τὸ
265 831 389 915 τέμνον
413 832 570 897 ἐπίπεδον
589 833 642 908 ἐίς
664 827 821 917 ἄπειρον,
848 829 905 895 καὶ
933 827 957 914 ή
989 834 1082 922 τομή
1110 840 1152 917 είς

126 937 266 1023 ἄπειρον
286 934 524 1021 αὐξηθήσεται,
542 937 598 1003 καλ
617 933 682 1003 ὐπὸ
698 939 756 1022 τής
771 936 955 1022 διαμέτρου
970 943 1035 1026 τής
1052 945 1151 1028 τομῆς

76 1048 79 1054 ’
125 1043 210 1129 πρὸς
236 1047 276 1130 τή
303 1046 437 1130 κορυφῇ
465 1041 553 1130 πάση
582 1046 621 1132 τή
651 1047 792 1131 δοθείση
816 1041 935 1133 εὐθείᾳ
964 1053 1052 1133 ίσην
1077 1046 1152 1116 ὐπο-

125 1150 269 1236 λήψεταί
288 1174 338 1227 τις
361 1148 479 1215 εὐθεῖα
498 1146 644 1236 ἀγομένη
665 1147 726 1217 ἄπί
749 1151 808 1235 τής
825 1152 887 1217 τοῦ
905 1150 1030 1220 κώνου
1050 1159 1151 1241 τομῆς

71 1276 105 1324 10
125 1254 214 1342 παρὰ
237 1253 300 1341 τήν
326 1257 362 1323 ἐν
385 1259 425 1343 τῇ
449 1253 544 1340 βάσει
567 1259 629 1322 τοῦ
653 1254 767 1324 κώνου
790 1253 938 1325 εὐθεῖαν.

193 1367 275 1429 ἔστω
298 1366 418 1448 κώνος,
443 1353 483 1430 οὗ
506 1360 639 1448 κορυφή
663 1361 725 1448 μὲν
747 1360 786 1429 τὸ
809 1370 842 1428 Α
865 1376 1029 1451 σημεῖον,
1055 1367 1149 1452 βάσις

126 1470 163 1538 δὲ
178 1466 196 1538 ὁ
211 1476 277 1538 ΒΓ
292 1468 424 1555 κύκλος,
444 1470 499 1537 καὶ
512 1468 688 1555 τετμήσθω
705 1470 848 1560 ἐπιπέδῳ
864 1466 920 1535 διὰ
935 1474 1001 1539 τοῦ
1017 1471 1149 1557 ἄξονος,

124 1577 180 1643 καὶ
203 1581 338 1644 ποιείτω
368 1576 474 1663 τομήν
501 1574 540 1643 τὸ
563 1580 668 1642 ΑΒΓ
692 1581 871 1663 τρίγωνον·
902 1577 1091 1663 τετμήσθω
1115 1579 1149 1647 δὲ

124 1683 180 1749 καὶ
215 1684 314 1771 ἑτέρῳ
348 1684 492 1772 ἐπιπέδῳ
529 1682 685 1769 τέμνοντι
717 1680 778 1750 τὸν
811 1687 878 1749 ΒΓ
908 1681 1042 1752 κύκλον
1077 1683 1146 1754 κατ’

72 1808 106 1856 15
125 1786 265 1855 εὐθεῖαν
279 1785 342 1873 τήν
357 1794 429 1854 ΔΕ
445 1786 530 1874 πρὸς
545 1786 653 1875 ὀρθὰς
669 1780 775 1856 οὖσαν
790 1791 830 1877 τή
844 1792 916 1872 ΒΓ,
935 1789 995 1856 καὶ
1010 1798 1148 1861 ποιείτω

124 1891 232 1980 τομήν
256 1895 293 1960 ἐν
311 1897 351 1980 τή
372 1894 550 1983 ἐπιφανείᾳ
567 1894 630 1980 τήν
651 1902 756 1962 ΔΖΕ
775 1893 947 1982 γραμμήν·
973 1892 996 1982 ἡ
1020 1897 1060 1966 δὲ
1080 1898 1149 1967 διώ·

124 2023 242 2085 μετρος
265 2003 323 2085 τής
343 2007 447 2067 ΔΖΕ
466 2004 569 2086 τομής
591 1999 612 2087 ή
633 2008 705 2068 ΖΗ
723 1999 798 2088 ήτοι
821 1999 1040 2087 παράλληλος
1064 2009 1146 2074 ἔστω

123 2108 163 2193 τή
188 2100 297 2191 ΑΓή
322 2107 546 2194 ἐκβαλλομένη
571 2109 781 2194 συμπιπτέτω
806 2104 889 2195 αὐτῇ
913 2104 1011 2187 ἐκτὸς
1034 2114 1100 2178 τοῦ
1118 2120 1148 2179 A

124 2217 274 2299 σημείου.
311 2213 408 2298 λέγω,
428 2210 480 2280 ὅτι
498 2217 565 2299 καί,
584 2212 643 2282 ἐὰν
663 2212 684 2300 ή
702 2239 738 2281 τε
757 2216 817 2281 τοῦ
835 2211 949 2281 κώνου
964 2214 1147 2303 ἐπιφάνεια

71 2339 108 2388 20
128 2319 183 2386 καὶ
207 2317 244 2386 τὸ
267 2319 390 2405 τέμνον
414 2322 572 2388 ἐπίπεδον
591 2318 788 2406 ἐκβώλληται
808 2324 854 2398 είς
872 2316 1027 2407 ἄπειρον,
1050 2321 1146 2409 καλή

126 2433 230 2494 ΑΖΕ
249 2424 333 2512 τομή
358 2430 405 2505 είς
428 2424 567 2514 ὐπειρον
592 2425 829 2513 αὐξηθήσεται.

193 2531 407 2619 ἐκβεβλήσθω
430 2532 496 2618 γὰρ
519 2529 541 2618 ή
563 2557 598 2600 τε
616 2536 677 2600 τοῦ
696 2530 810 2601 κώνου
829 2531 1008 2618 ἐπιφάνεια
1028 2535 1086 2602 καὶ
1107 2562 1142 2604 το

123 2640 246 2724 τέμνον
267 2641 437 2707 ἐπίπεδον·
461 2637 611 2725 φανερὸν
632 2641 685 2725 δή,
705 2637 755 2708 ὅτι
769 2639 825 2706 καὶ
840 2641 877 2705 αί
889 2645 966 2724 ΑΒ,
982 2647 1062 2727 ΑΓ,
1078 2649 1144 2710 ΖΗ

125 2743 467 2829 συνεκβληθήσονται.
505 2746 574 2812 ἐπεὶ
597 2743 617 2831 ή
639 2752 712 2812 ΖΗ
729 2750 769 2834 τῇ
789 2750 857 2812 ΑΓ
875 2742 949 2830 ήτοι
973 2750 1143 2835 παράλλη-

71 2869 105 2918 26
125 2847 183 2928 λός
207 2850 297 2916 ἐστιν
320 2845 341 2934 ή
366 2851 591 2937 ἐκβαλλομένη
615 2856 793 2937 συμπίπτει
816 2847 899 2938 αὐτή
921 2849 1016 2929 ἐκτὸς
1036 2858 1099 2922 τοῦ
1115 2863 1145 2922 Α
1173 2912 1176 2917 ,

125 2959 275 3041 σημείου,
296 2957 333 3021 αί
346 2963 424 3041 ΖΗ,
439 2965 470 3022 Α
476 2963 508 3024 Γ
522 2955 588 3043 ἄρα
607 2955 847 3044 ἐκβαλλόμεναι
867 2953 912 3034 ώς
930 2957 983 3023 ἐπὶ
998 2957 1039 3026 τὰ
1056 2965 1096 3047 Γ,
1111 2967 1146 3028 Η

125 3061 208 3146 μέρη
229 3057 387 3129 οὐδέποτε
403 3067 660 3149 συμπεσοῦνται.
695 3063 976 3149 ἐκβεβλήσθωσαν
992 3056 1069 3151 οὐν,
1088 3068 1144 3135 καί

125 3167 278 3253 είλήφθω
303 3192 334 3233 τι
358 3181 496 3254 σημεῖον
521 3169 573 3235 ἐπὶ
596 3173 654 3255 τής
674 3175 745 3235 ΖΗ
764 3167 865 3256 τυχὸν
888 3167 925 3235 τὸ
947 3174 986 3254 Θ
1010 3173 1070 3238 καὶ
1087 3173 1143 3241 διὰ

125 3296 338 3304 ————.

196 3369 221 3416 4.
242 3378 317 3431 συμπ
319 3362 444 3488 ίπτηήρς
437 3363 662 3432 ‚ovpm'mstV.
717 3368 860 3433 5.κπροσε
845 3360 1009 3435 κώλληται]
987 3367 1142 3438 ιεοείρείς

125 3436 249 3518 προσεκβ
233 3433 351 3558 βαλήται
464 3439 506 3488 20.
527 3429 557 3488 ἐκ
560 3434 679 3506 βαλήται
696 3435 731 3502 V,
751 3450 821 3490 corr.
868 3434 949 3502 alley.
1015 3440 1059 3491 28.
1080 3440 1143 3513 της]

125 3523 177 3576 ορς
197 3505 282 3577 τήν.
