2446 3916
412 162 806 218 comcoanmumnau
1047 162 1115 228 239

168 306 284 371 ductae
303 305 389 371 enim
406 310 440 370 A
446 309 482 390 Z,
500 308 566 371 ΑΘ
583 305 813 390 producantur,
831 306 1030 393 ducaturque
1044 313 1115 374 ΖΘ.

101 417 135 479 et
161 412 314 498 quoniam
337 415 412 496 EZ,
434 415 503 478 ΗΘ
525 412 701 496 productae
725 412 863 498 angulos
886 418 994 500 ΑΖΘ,
1017 420 1115 480 ΑΘΖ

100 523 226 604 secant,
253 518 289 584 hi
316 522 424 584 autem
452 519 565 604 anguli
592 519 717 587 duobus
745 521 841 585 rectis
870 521 1010 586 minores
1040 525 1117 586 sunt

101 626 207 709 [Eucl.
230 624 257 710 Ι,
281 627 346 710 17],
369 629 441 707 ΕΖ,
462 628 531 691 ΗΘ
558 626 733 710 productae
755 628 842 692 inter
865 649 900 692 se
924 631 1117 694 concurrent

101 737 196 799 extra
218 732 407 817 sectionem,
431 731 487 797 sed
510 733 597 797 intra
621 733 777 818 angulum
801 737 910 799 ΒΑΓ.

168 840 234 905 iam
262 838 412 905 similiter
438 838 500 903 hoc
528 839 835 924 demonstrabimus,
863 842 961 906 etiam
990 842 1019 907 si
1041 845 1116 926 EZ,

102 951 172 1012 ΗΘ
194 947 354 1012 sectiones
378 945 582 1032 contingunt.

548 1086 666 1154 XXVI.

168 1193 203 1261 si
226 1195 261 1260 in
285 1195 390 1280 ellipsi
413 1195 465 1260 uel
484 1195 602 1261 circulo
624 1195 705 1261 duae
724 1201 830 1262 rectae
848 1198 934 1264 inter
952 1219 985 1263 se
1006 1201 1117 1264 secant

99 1325 168 1369 non
191 1325 248 1387 per
267 1304 413 1368 centrum
432 1302 566 1386 positae,
589 1324 655 1367 non
673 1303 708 1366 in
726 1304 819 1369 binas
836 1309 945 1388 partes
965 1306 1116 1390 aequales

100 1410 187 1475 inter
210 1431 244 1475 se
268 1413 388 1474 secant.

168 1538 244 1581 nam
278 1516 305 1580 si
339 1515 407 1580 fieri
439 1519 560 1600 potest,
593 1516 628 1579 in
660 1515 767 1601 ellipsi
798 1517 851 1581 uel
880 1517 1000 1583 circulo
1033 1517 1116 1583 duae

100 1627 207 1689 rectae
230 1625 310 1707 ΓΔ,
333 1625 396 1686 ΕΖ
418 1644 485 1687 non
512 1645 569 1707 per
594 1626 741 1688 centrum
764 1624 890 1708 positae
914 1624 1000 1689 inter
1022 1647 1056 1688 se
1079 1624 1115 1688 in

325 1779 353 1827 B
633 1730 725 1796 binas
754 1735 861 1815 partes
892 1731 1042 1816 aequales
1066 1753 1114 1795 se-

634 1842 708 1902 cent
724 1838 817 1923 inH,
839 1841 985 1903 centrum
1005 1841 1113 1903 autem

148 1837 701 2092 pvht
634 1949 701 2009 sect
702 1944 787 2010 ionis
816 1945 859 2009 sit
882 1950 923 2030 Θ,
957 1945 1031 2010 duct
1017 1949 1115 2030 taque

633 2055 701 2116 ΗΘ
724 2051 765 2116 ad
788 2058 829 2137 A,
853 2056 880 2116 B
910 2051 1067 2136 producat
1070 2074 1115 2116 ur.

106 2071 700 2349 A'wt
699 2159 766 2223 iam
785 2159 938 2242 quoniam
957 2163 1023 2223 AB
1048 2157 1115 2223 dia-

633 2267 700 2329 met
701 2286 756 2329 rus
780 2270 831 2329 est
852 2268 973 2329 rectam
996 2265 1090 2329 ΕΖ
1081 2287 1115 2328 m

633 2372 714 2436 duas
746 2375 856 2455 partes
887 2370 1037 2456 aequales
1067 2393 1114 2434 se·

101 2500 193 2562 cans,
220 2479 340 2543 recta
330 2502 364 2543 1n
387 2485 420 2543 A
448 2479 640 2565 contingens
662 2483 769 2543 rectae
797 2478 861 2542 ΕΖ
888 2476 1043 2562 parallela
1066 2480 1116 2539 est

102 2584 290 2669 [prop.VI].
327 2585 591 2671 similitertrgitur
605 2584 907 2664 demonstrabimus,
926 2605 998 2648 eam
1017 2581 1114 2646 etiam

100 2695 208 2757 rectae
223 2694 285 2755 ΓΔ
298 2692 492 2776 parallelam
506 2715 584 2759 esse.
622 2713 721 2778 quare
738 2691 835 2755 etiam
848 2690 914 2754 ΕΖ
933 2692 1038 2754 rectae
1053 2692 1115 2753 ΓΛ

100 2798 259 2882 parallela
291 2804 341 2864 est
374 2800 479 2881 [Eucl.
506 2799 537 2884 Ι,
564 2800 636 2882 30],
673 2799 759 2884 quod
796 2797 865 2862 fieri
899 2819 966 2863 non
998 2800 1114 2881 potest.

103 2923 180 2988 ergo
203 2908 273 2990 ΓΔ,
296 2909 358 2970 ΕΖ
385 2906 470 2971 inter
499 2928 532 2970 se
560 2906 595 2970 in
622 2905 717 2970 binas
740 2907 850 2989 partes
873 2904 1024 2989 aequales
1048 2926 1114 2970 non

102 3013 221 3076 secant.

540 3082 674 3149 XXVII.

169 3185 203 3252 Si
235 3189 374 3275 ellipsim
401 3192 454 3256 uel
484 3191 639 3257 circulum
668 3190 749 3255 duae
776 3194 883 3257 rectae
911 3187 1115 3274 contingunt,

99 3298 208 3361 rectae
236 3297 461 3382 contingentes
490 3299 663 3382 parallelae
692 3301 798 3376 erunt,
826 3296 854 3362 si
877 3299 967 3361 recta
994 3299 1115 3379 puncta

101 3405 270 3472 contactus
294 3403 492 3490 coniungens
516 3427 575 3490 per
598 3409 743 3471 centrum
767 3403 919 3468 sectionis
944 3402 1037 3486 cadit,
1064 3402 1114 3466 sin

101 3510 218 3594 minus,
240 3509 275 3573 in
298 3509 410 3576 eadem
434 3514 526 3595 parte
550 3513 652 3578 centri
676 3513 876 3577 concurrent.
