2438 3892
110 110 151 166 w
509 110 726 165 emme.

109 259 234 340 peritus
256 255 420 321 codicibus
442 256 591 319 Arabicis
614 255 744 320 collatis
764 278 885 320 nonam
903 259 1139 327 recensionem

109 363 244 428 illorum
269 363 427 428 librorum
451 363 641 426 instituerit
685 366 719 426 ct
741 368 779 426 nt
802 385 932 446 sperare
954 366 1140 452 possimus,

109 470 173 535 hoc
194 470 286 534 breui
308 469 454 532 futurum
476 489 558 550 esse,
580 469 688 532 effecit
709 467 745 531 L
763 468 799 532 L
817 469 861 535 n
878 468 1019 534 Sirius
1042 473 1140 538 editu

110 576 352 657 dissertatione,
384 596 467 658 quse
498 574 687 638 inscribitur
712 574 783 638 Dus
814 574 920 639 fflnste
946 576 1041 641 Buch
1076 579 1140 644 der

110 681 233 747 Conice
259 681 315 746 des
342 679 539 765 Apollonius
565 702 632 745 von
656 679 764 765 Perge
791 682 826 744 in
853 681 910 745 der
935 683 1138 750 arabischen

109 786 355 872 Uebersetnung
381 787 438 851 des
464 787 587 851 Thebit
613 786 674 851 Ibn
697 785 823 852 Corruh
845 785 992 874 (Lipsiae
1017 791 1138 880 1889).

111 895 169 979 qui
194 899 233 958 ut
258 916 340 978 opus
368 895 452 958 bene
479 898 513 957 et
535 893 662 958 utiliter
683 895 849 976 inceptum
871 895 914 958 ed
935 896 1035 960 finem
1059 922 1137 982 per-

110 1000 220 1082 ducet,
246 1022 373 1065 mecum
396 1000 571 1082 optabunt,
596 1001 777 1084 quicunqne
800 1002 925 1084 scripte
946 1003 1137 1070 mathema-

108 1108 176 1171 tica
198 1105 396 1170 Graecorum
419 1111 583 1171 nonerunt
605 1107 787 1190 coluntque.

182 1212 346 1290 Quattuor
368 1213 463 1278 libris
486 1211 695 1295 corneorum,
722 1213 779 1296 qui
802 1211 923 1277 Graece
946 1223 1136 1305 supersunt,

109 1321 144 1385 in
167 1321 332 1386 uolumine
355 1321 457 1386 altero
480 1320 658 1404 adiungam
675 1319 862 1404 fragmenta
879 1324 912 1385 et
931 1319 1132 1390 (lonicorum

110 1432 143 1492 et
160 1429 359 1513 reliquorum
376 1450 511 1512 operum
525 1426 704 1510 Apollonii,
721 1448 804 1509 qnae
819 1424 941 1491 Graece
959 1427 1133 1517 hebemus,

110 1537 144 1598 et
170 1540 337 1617 praeterea
362 1535 517 1598 lemmate
539 1532 645 1616 Pappi
672 1536 706 1596 et
729 1533 963 1598 commentaria
988 1534 1131 1604 Eutocii.

112 1644 248 1723 constat,
270 1640 367 1704 huius
390 1641 454 1703 uiri
477 1640 697 1704 recensionem
714 1639 874 1703 librorum
891 1638 1003 1704 I-IV
1022 1643 1131 1708 solam

109 1745 258 1811 relictam
286 1767 370 1829 esse3
398 1767 498 1829 quere
524 1744 558 1808 id
585 1744 726 1829 primum
754 1745 835 1809 mihi
861 1747 1024 1832 egendum
1048 1754 1130 1835 erut,

108 1856 146 1916 nt
169 1874 208 1917 cu
233 1874 251 1916 e
275 1852 439 1917 codicibus
461 1851 695 1917 restitueretur.
742 1856 899 1935 quantum
922 1852 961 1917 dc
984 1855 1131 1937 pristina

110 1955 304 2024 (lonicorum
327 1958 433 2024 forma
455 1959 525 2022 ueri
549 1958 698 2022 similiter
722 1959 824 2022 statui
847 1961 969 2043 potest,
995 1961 1029 2024 in
1052 1983 1130 2044 pro-

109 2064 289 2150 legemenis
312 2065 434 2130 criticis
456 2064 633 2129 uoluminis
656 2064 790 2129 alterius
814 2065 982 2150 colligem3
1005 2066 1130 2134 ibidem

110 2171 150 2236 de
171 2171 364 2257 cognatione
383 2171 531 2237 codicum
550 2171 679 2236 uberius
699 2193 869 2255 erponem.
911 2171 964 2236 hic
984 2173 1130 2239 breuiter

109 2276 274 2363 indicabo,
306 2278 422 2362 quibus
456 2277 620 2343 codicibus
648 2278 773 2342 nitatur
800 2279 945 2343 recensio
975 2301 1060 2359 mea,
1096 2286 1130 2346 et

112 2386 226 2468 quanti
249 2385 384 2471 quisque
408 2383 628 2450 aestimandus
652 2384 705 2449 sit.
751 2387 827 2448 sunt
848 2384 951 2468 igitur
972 2385 1022 2449 hi:

75 2516 79 2527 ¹
152 2489 183 2556 V
206 2529 251 2540 -
271 2493 340 2558 cod.
353 2490 503 2557 Vetican.
518 2489 572 2556 Gr.
587 2491 652 2556 206
667 2490 815 2575 bombyc.
830 2512 912 2556 saec.
926 2490 1130 2579 XII—XIII,

220 2599 295 2684 fol,
336 2600 461 2665 duobus
503 2598 724 2663 uoluminibus
766 2602 938 2682 constens3
981 2598 1131 2664 continet

219 2704 275 2770 fol.
293 2706 424 2771 1-160
433 2704 629 2771 (lonicorum
637 2705 740 2770 libros
749 2702 870 2788 I—IV,
882 2704 938 2769 fol.
951 2704 1128 2770 161-239

221 2806 333 2875 Sereni
358 2812 522 2896 opuscula.
563 2811 598 2875 in
621 2811 684 2875 fine
707 2810 842 2875 mutilus
866 2814 916 2876 est
940 2813 973 2874 ct
993 2811 1128 2876 omnino

219 2916 361 2999 pessime
376 2917 531 3001 'habitus3
555 2918 685 3002 singule
708 2916 787 2982 folio
804 2917 993 3001 plerumque
1013 2915 1129 2982 charta

219 3023 381 3106 pellucido
403 3023 536 3088 inducte
559 3027 644 3088 sunt.
691 3045 806 3088 manus
829 3022 990 3088 recentior
1013 3020 1069 3109 (m.
1088 3021 1127 3111 2)

220 3130 352 3195 lacunas
393 3129 549 3215 quasdem
586 3132 634 3212 (in
672 3127 808 3217 Sereno)
844 3130 986 3214 expleuit
1023 3133 1062 3193 et·
1092 3131 1129 3196 in

221 3234 398 3319 Apollonio
420 3236 579 3301 nonnulle
600 3235 724 3301 eddidit
743 3240 776 3300 et
794 3236 986 3319 emcndeuit,
1009 3257 1129 3302 monus

221 3341 445 3408 recentissima
486 3337 546 3428 (m'.
587 3338 668 3429 rec.)
710 3343 745 3406 in
781 3343 926 3429 margine
967 3343 1130 3409 nonnulle

223 3447 401 3534 adscripsit.
447 3449 570 3515 contuli
593 3447 716 3517 Romae
742 3449 837 3516 1887.

633 3788 729 3806 ’-
