2438 3892
121 143 186 207 164
515 141 683 196 mmm
702 135 743 197 α’.

120 292 204 355 ἔστω
235 281 371 373 ῆμίσεια
403 280 423 369 ῆ
453 290 533 369 ΑΘ,
565 282 621 350 καὶ
654 279 719 350 ἀπὸ
750 284 812 351 τοῦ
839 288 868 349 Θ
901 281 954 350 ἐπὶ
982 280 1046 368 τῆν
1074 288 1141 349 AE

120 392 263 473 κάθετος
292 390 389 478 ῆχθω
413 387 434 476 ή
460 397 538 475 ΘΕ,
565 388 622 457 καὶ
646 387 703 456 διὰ
725 391 787 457 τοῦ
812 395 844 456 Ε
863 391 903 477 τῆ
928 395 993 456 ΒΘ
1014 386 1140 476 παράλ-

121 506 220 585 ληλος
248 494 269 584 ῆ
299 502 381 581 EA,
408 497 464 564 καὶ
493 492 558 563 ἀπὸ
586 499 647 564 τοῦ
677 503 711 562 Α
736 492 790 562 ἐπὶ
817 491 879 580 τῆν
903 499 970 560 EA
998 493 1141 576 κάθετος

120 603 217 692 ῆχθω
246 600 375 690 ῆΑΛ,
402 603 458 670 καὶ
485 603 662 690 τετμήσθω
689 598 710 688 ή
736 608 802 669 EA
829 605 905 688 δίχα
928 599 1013 669 κατὰ
1035 599 1076 669 τὸ
1098 608 1140 688 Κ,

86 712 178 782 ὁκαὶ
201 708 266 779 ἀπὸ
290 713 351 779 τοῦ
374 716 410 777 Κ
428 714 468 800 τῆ
492 717 559 776 EA
581 707 665 796 πρὸς
688 705 796 796 ὀρθὰς
818 706 915 795 ῆχθω
938 705 959 795 ῆ
984 715 1070 776 ΚΜ
1087 709 1140 776 παλ

122 816 339 904 ἐκβεβλήσθω
368 817 421 884 ἐπὶ
449 814 490 883 τὰ
515 823 557 901 Ζ,
580 822 627 901 H,
654 814 780 907 καὶτῷ
803 812 950 900 αἰπδτῆς
974 820 1043 882 AA
1068 823 1140 883 ἴσον

122 930 206 993 ἔστω
229 924 267 992 τὸ
291 921 356 991 ὑπὸ
381 929 504 990 AKM.
540 922 595 990 καὶ
620 920 682 989 δύο
708 925 878 989 δοθεισῶν
901 919 1050 989 εὐθειῶν
1074 925 1139 990 τῶν

123 1036 192 1097 ΛΚ
197 1081 207 1115 ‚
226 1036 308 1097 ΚΜ
310 1080 320 1114 ‚
342 1040 402 1115 τῆς
425 1027 487 1115 μέν
512 1034 580 1095 ΚΛ
603 1029 699 1096 θέσει
722 1029 973 1116 πεπερασμένης
995 1026 1138 1096 κατὰτὸ

123 1143 167 1220 Κ,
189 1140 249 1220 τῆς
272 1135 309 1203 δέ
328 1141 408 1202 ΚΜ
429 1136 574 1221 μεγέθει,
598 1135 654 1202 καὶ
677 1140 803 1219 γωνίας
826 1133 934 1223 ὀρθῆς
954 1136 1138 1221 γεγράφθω

74 1263 107 1312 10
125 1240 316 1328 παραβολή,
349 1233 389 1327 ῆς
422 1240 599 1328 διάμετρος
631 1238 652 1327 ῆ
682 1247 765 1326 ΚΛ,
798 1239 930 1328 κορυφή
966 1241 1005 1308 δὲ
1032 1239 1071 1308 τὸ
1100 1247 1138 1325 Κ,

127 1345 232 1437 ὀρθία
261 1347 299 1416 δὲ
322 1345 343 1435 ῆ
368 1355 461 1433 ΚΜ,
490 1344 534 1427 ὡς
556 1349 801 1435 προδέδεικται·
846 1344 917 1433 ῆξει
941 1345 979 1414 δὲ
1003 1344 1061 1414 δια
1084 1349 1139 1414 τοῦ

123 1464 156 1523 Α
180 1454 237 1522 διὰ
260 1453 298 1523 τὸ
323 1462 400 1523 ίσον
423 1452 572 1523 εἶναιτὸ
596 1452 661 1522 ιἰπὸ
685 1459 753 1522 AA
774 1456 821 1545 τῷ
843 1449 910 1520 ὑπὸ
934 1458 1066 1538 ΛΚΜ,
1089 1451 1140 1519 καὶ

125 1561 288 1648 ἐφάψεται
311 1566 370 1648 τῆς
391 1566 496 1649 τομῆς
518 1558 539 1647 ῆ
560 1568 627 1629 EA
651 1560 707 1628 διὰ
730 1560 769 1629 τὸ
793 1569 871 1647 ίσην
890 1557 977 1628 εἶναι
996 1557 1058 1645 τῆν
1077 1563 1140 1626 ΕΚ

123 1671 164 1757 τῆ
188 1676 266 1736 ΚΛ.
312 1674 372 1736 καί
395 1670 487 1737 ἐστιν
515 1664 536 1753 ῆ
563 1674 628 1735 ΘΑ
655 1671 695 1757 τῆ
719 1672 824 1735 EKA
849 1665 1076 1753 παράλληλος·
1120 1661 1138 1749 ῆ

71 1796 105 1844 15
125 1782 226 1843 ΘΑΒ
251 1775 427 1861 διάμετρος
448 1773 514 1861 ίίρα
540 1775 609 1842 ἐστὶ
631 1778 691 1860 τῆς
712 1777 826 1862 τομῆς,
850 1776 888 1840 αί
906 1770 944 1840 δὲ
962 1769 1014 1840 ἐπ’
1036 1768 1139 1856 αὐτὴν

124 1877 190 1948 ἀπὸ
218 1884 278 1965 τῆς
304 1884 408 1966 τομῆς
435 1878 660 1968 ααταγόμεναι
683 1879 890 1969 παράλληλοι
913 1881 953 1967 τῆ
976 1884 1047 1945 ΑΕ
1068 1881 1140 1963 δίχα

124 1983 358 2072 τμηθήσονται
381 1981 447 2053 ὑπὸ
470 1989 530 2071 τῆς
551 1993 626 2053 AB.
663 1983 933 2072 καταχθήσονται
957 1982 995 2051 δὲ
1019 1985 1058 2052 ἐν
1081 2009 1141 2070 γω

124 2096 183 2180 νίηι
209 2093 249 2178 τῆ
277 2087 344 2158 ὑπὸ
370 2097 477 2159 ΘΑΕ.
522 2091 578 2158 καὶ
605 2091 675 2160 ἐπεὶ
705 2100 760 2177 ίση
788 2091 878 2160 ἐστὶν
909 2088 930 2177 ῆ
953 2087 1021 2159 ὑπὸ
1045 2097 1142 2158 ΑΕΘ

124 2201 232 2283 γωνία
255 2199 295 2284 τῆ
318 2194 384 2263 ὑπὸ
409 2203 529 2281 ΑΗΖ,
552 2195 649 2283 κοινῆ
674 2196 711 2264 δέ
733 2194 754 2282 ῆ
778 2195 862 2283 πρὸς
883 2207 929 2288 τῷ
953 2205 1000 2284 A,
1024 2195 1142 2283 ὅμοιον

73 2327 107 2376 20
127 2302 192 2390 ἄρα
225 2305 293 2371 ἐστὶ
323 2303 360 2370 τὸ
392 2311 493 2371 ΑΘΕ
522 2308 689 2389 τρίγωνον
718 2307 764 2394 τῷ
792 2310 905 2372 ΑΗΖ.
957 2301 1002 2384 ὡς
1029 2302 1096 2391 ἄρα
1123 2300 1142 2388 ή

126 2419 191 2479 ΘΑ
214 2409 298 2500 πρὸς
321 2418 402 2495 ΕΑ,
426 2407 446 2495 ή
467 2416 531 2476 ΖΑ
554 2408 637 2495 πρὸς
655 2416 738 2476 ΑΗ’
782 2407 826 2490 ὡς
849 2411 915 2498 ίίρα
939 2407 959 2496 ῆ
985 2414 1143 2477 διπλασία

127 2523 186 2605 τῆς
214 2525 279 2586 ΑΘ
305 2516 389 2604 πρὸς
416 2514 477 2601 τήν
507 2519 687 2583 διπλασίαν
714 2520 773 2601 τῆς
801 2524 882 2602 AE,
915 2514 935 2602 ῆ
967 2523 1033 2583 ZA
1061 2515 1144 2602 πρὸς

126 2631 210 2692 ΑΗ.
269 2621 290 2710 ή
325 2624 362 2690 δὲ
394 2628 459 2689 ΓΛ
490 2626 549 2708 τῆς
582 2629 650 2689 ΘΑ
684 2626 798 2708 διπλῆ·
845 2619 890 2701 ὡς
921 2620 988 2710 ἄρα
1020 2620 1041 2710 ῆ
1077 2631 1144 2690 ZA

126 2728 209 2814 πρὸς
242 2739 273 2797 A
283 2737 336 2815 H,
379 2727 400 2816 ῆ
435 2734 500 2795 ΓΛ
537 2726 620 2814 πρὸς
655 2728 718 2814 τῆν
756 2732 936 2796 διπλασίαν
972 2733 1031 2814 τῆς
1064 2739 1096 2797 A
1106 2738 1144 2797 E.

72 2855 107 2904 25
127 2832 183 2899 διὰ
203 2839 245 2920 δη
264 2834 304 2901 τὰ
326 2837 522 2922 δεδειγμένα
542 2837 577 2901 έν
592 2839 637 2926 τῷ
653 2834 711 2923 μθ’
726 2833 918 2921 θεωρήματι
934 2831 1038 2920 ὀρθία
1054 2836 1145 2903 ἐστὶν

126 2936 245 3024 ῆΓΔ.

128 3101 341 3111 ..-..-————-·

201 3207 242 3255 11.
268 3199 313 3272 δέ]
335 3203 406 3272 (alt.)
426 3203 489 3259 fort.
510 3203 554 3273 δή.
618 3213 659 3261 13.
674 3205 745 3276 ΕΚ]
760 3209 849 3259 ΕΚΤ
866 3205 904 3271 V;
928 3222 998 3260 corr.
1018 3225 1045 3276 p.
1102 3213 1144 3262 15.

129 3270 185 3343 ἄρα
205 3268 354 3342 διάμετρος
372 3292 400 3344 p,
419 3275 529 3343 Halley.
618 3283 659 3332 18.
681 3279 763 3332 ΘΑΕ
782 3306 816 3316 -
837 3283 878 3332 19.
897 3277 930 3347 τῆ
949 3274 1020 3349 ὑπό]
1043 3278 1087 3332 bis
1106 3278 1143 3346 V;

129 3363 198 3402 corr.
218 3363 245 3414 p.
