2438 3892
143 126 188 191 82
539 125 705 180 ΚΩΝΙΚΩΝ
725 119 764 180 α’.

216 265 369 355 εἰλήφθω
397 267 461 356 γάρ
488 293 520 334 τι
548 281 685 354 σημεῖον
714 265 767 335 έπλ
794 269 852 352 τῆς
880 272 942 333 ΕΖ
968 265 1007 334 τὸ
1031 272 1077 352 Ε,
1104 265 1158 334 καλ

146 372 211 443 ἀπὸ
249 379 311 443 τοῦ
344 383 376 442 Ε
408 374 497 461 παρὰ
530 374 733 461 τεταγμένως
766 373 976 459 κατηγμένην
1008 372 1105 458 ἤχθω
1137 369 1157 459 ἡ

143 488 230 568 ΕΗ,
252 481 307 550 καλ
329 491 392 549 τοῦ
416 478 480 549 ἀπὸ
500 485 559 567 τῆς
576 488 648 549 ΗΕ
664 485 776 568 μεῖζον
796 483 878 547 ἔστω
896 480 935 547 τὸ
954 475 1020 547 ὑπὸ
1041 484 1158 564 ΔΑΓ,

142 589 208 656 καλ
226 586 291 657 ιἰπὸ
319 592 381 656 τοῦ
408 593 440 655 Γ
463 588 668 675 τεταγμένως
695 583 834 673 ἀνήχθω
862 581 883 672 ἡ
907 590 980 653 ΓΘ·
1026 588 1065 654 τὸ
1094 584 1158 673 ἅμα

108 692 209 768 σᾶπὸ
232 704 292 782 τῆς
311 700 375 762 ΘΓ
395 702 471 762 ἴσον
495 694 564 763 ἐστὶ
586 697 632 786 τῷ
656 690 722 761 ὑπὸ
746 695 814 761 τῶν
834 697 945 760 ΔΑΓ.
986 697 1098 778 μεῖζον
1123 691 1159 760 δὲ

142 803 180 870 τὸ
208 799 274 869 ὑπο
299 806 408 869 ΛΑΓ
425 804 486 868 τοῦ
509 784 574 869 ἀπὸ
600 807 679 869 ΕΗ·
726 805 838 886 μεῖζον
862 799 927 886 ἄρα
950 798 1067 867 καὶτὸ
1093 797 1156 866 ιἰπό

143 914 208 977 ΘΓ
222 911 283 977 τοῦ
302 905 367 975 αἰπὸ
388 914 469 974 ΕΗ·
505 912 625 993 μείζων
644 904 710 994 ἄρα
728 906 784 973 καλ
801 903 822 991 ἡ
839 911 904 973 ΘΓ
917 909 976 992 τῆς
990 913 1068 976 ΕΗ.
1104 912 1163 973 καί

143 1018 208 1083 εέσι
231 1011 450 1101 παράλληλοι·
495 1010 516 1099 ἡ
540 1020 603 1081 ΕΖ
626 1011 691 1099 ἅμα
714 1014 938 1098 ἐκβαλλομένη
962 1012 1074 1099 τέμνει
1097 1014 1159 1100 τὴν

143 1126 217 1189 ΘΓ·
263 1117 423 1188 ὥστεκαὶ
445 1124 485 1209 τῇ
508 1123 592 1208 τομῇ
617 1132 838 1205 συμπεσεῖται.

94 1253 125 1303 ιο
211 1227 419 1313 συμπιπτέτω
443 1226 525 1293 κατὰ
549 1227 587 1294 τὸ
611 1232 652 1292 K.

210 1335 295 1422 λέγω
329 1332 386 1421 δή,
418 1330 470 1401 ὅτι
501 1334 557 1400 καὶ
589 1329 668 1401 καθ’
695 1335 731 1400 ’ἐν
759 1334 864 1420 μόνον
894 1345 1033 1418 σημεῖον
1061 1334 1099 1400 τὸ
1128 1340 1161 1401 Κ

144 1454 365 1529 συμπεσεῖται.
416 1445 447 1508 εἰ
472 1442 538 1527 γὰρ
567 1439 729 1524 δυνατόν,
757 1439 965 1526 συμπιπτέτω
995 1438 1051 1506 καὶ
1077 1441 1160 1508 κατὰ

143 1550 181 1617 τὸ
206 1556 245 1616 Λ.
292 1548 361 1617 έπελ
390 1539 453 1617 οὖν
480 1548 677 1637 παραβολὴν
704 1544 820 1614 εὐθεῖα
851 1546 962 1632 τέμνει
989 1572 1072 1613 κατα
1097 1545 1160 1614 δύο

146 1669 280 1742 σημεῖα,
318 1655 543 1741 ἐκβαλλομένη
582 1665 795 1741 συμπεσεῖται
830 1657 870 1741 τῇ
906 1653 1071 1745 διαμέτρῳ
1102 1658 1161 1740 τῆς

92 1785 126 1835 15
145 1765 260 1847 τομῆς·
307 1760 389 1845 ὅπερ
412 1759 553 1829 ἄτοπον·
598 1757 770 1828 ὑπόκειται
791 1754 855 1847 γὰρ
878 1757 1098 1847 παράλληλος.
1140 1756 1160 1847 ἡ

145 1874 207 1935 ΕΖ
226 1865 292 1952 ἄρα
312 1867 536 1954 ἐκβαλλομένη
555 1864 633 1934 καθ’
651 1867 689 1933 ἓν
706 1865 814 1952 μόνον
830 1879 968 1953 σημεῖον
983 1873 1162 1954 συμπίπτει

108 1977 184 2062 ww}
207 1976 307 2061 τονιλ

211 2083 293 2147 ἔστω
325 2077 367 2166 δὴ
397 2076 417 2166 ἡ
441 2076 524 2167 τομὴ
548 2077 731 2166 ὑπερβολή,
759 2083 882 2166 πλαγία
906 2077 943 2146 δὲ
965 2082 1026 2146 τοῦ
1050 2082 1163 2160 εἴδους

145 2183 271 2274 πλευρὰ
294 2182 315 2271 ἡ
335 2194 416 2271 AB,
442 2185 544 2274 ὀρθία
568 2185 605 2255 δέ
624 2183 645 2272 ἡ
665 2195 750 2272 ΑΛ,
774 2184 1033 2270 καὶέπεζεύχθω
1052 2183 1073 2272 ἡ
1094 2193 1161 2254 ΑΒ

91 2319 127 2369 20
144 2293 200 2362 καὶ
233 2291 456 2380 ἐκβεβλήσθω.
515 2297 584 2362 τῶν
621 2291 732 2361 αὐτῶν
834 2355 872 2404 E
942 2338 972 2387 Ζ
1056 2309 1116 2404 [ιθ

146 2400 188 2489 δη
202 2401 540 2469 κατασκευασθέντων
555 2398 685 2487 ἤχθω’
667 2399 732 2467 απὸ

144 2513 205 2578 τοῦ
234 2515 267 2578 Γ
293 2512 333 2598 τῇ
365 2517 435 2576 ΑΛ
466 2505 678 2594 παράλληλος
712 2503 732 2593 ἡ
762 2408 1098 2631 B'A

32 2646 36 2651 ·
66 2698 68 2702 Ι
146 2623 226 2684 ΓΜ.
286 2617 355 2684 ἐπεὶ
379 2641 442 2685 ουν
469 2613 506 2682 τὸ
535 2611 602 2682 ὑπὸ
626 2578 794 2682 ΜΓΑΒ
834 2644 867 2691 Η
1002 2595 1009 2609 ⁴

146 2721 258 2807 μεῖζόν
281 2725 350 2789 έστι
372 2726 433 2790 τοῦ
451 2719 516 2790 ὑπὸ
537 2727 655 2808 ΔΑΓ,
678 2724 737 2787 καί

93 2850 127 2899 25
148 2829 279 2916 ἐστιτῷ
303 2827 365 2914 μὲν
384 2826 451 2897 ὑπὸ
469 2834 579 2896 ΜΓΑ
602 2837 677 2897 λ’σον
695 2825 733 2894 τὸ

147 2928 211 2999 αἰπὸ
226 2937 299 3016 ΓΘ,
315 2932 352 3000 τὸ
368 2933 405 3001 δὲ
419 2932 483 3003 ὑπὸ
501 2941 608 3003 ΛΑΓ
622 2940 733 3023 μεῖζον

146 3041 207 3105 τοῦ
234 3035 298 3105 ἀπὸ
328 3045 412 3125 ΗΕ,
444 3047 556 3127 μεῖζον
586 3040 652 3128 ἅμα
679 3040 734 3109 καλ
819 3066 822 3071 ’

146 3146 184 3213 τὸ
210 3140 273 3211 ἀπὸ
296 3149 357 3212 ΓΘ
378 3150 440 3214 τοῦ
464 3144 529 3214 σἰπὸ
553 3154 629 3215 ΕΗ.
678 3142 882 3232 ὥστεκαλὴ
911 3150 973 3212 ΓΘ
1004 3150 1065 3232 τῆς
1094 3154 1165 3213 ΕΗ

148 3256 268 3339 μείζων
297 3252 381 3368 ἐστέ,
408 3251 464 3318 καὶ
489 3255 530 3320 τὰ
559 3254 643 3322 αὐτὰ
667 3268 737 3333 τοῖς
760 3252 924 3340 πρότερον
948 3251 1161 3339 συμβήσεται.

150 3363 306 3370 .-.----.

220 3417 245 3467 4.
264 3417 314 3466 τοῦ
348 3412 482 3466 insertum
501 3430 537 3466 m.
559 3413 624 3469 1V.
699 3419 741 3470 10.
761 3414 802 3497 Κ]
824 3417 850 3467 Γ
866 3414 903 3477 V;
928 3429 1035 3482 comp
1119 3419 1160 3468 18

148 3487 198 3539 τοῦ
218 3485 310 3546 εἴδους
343 3500 414 3552 cvp,
434 3483 469 3538 ob
488 3498 612 3553 pergam.
631 3486 744 3555 ruptum
764 3485 872 3541 incerta
890 3455 971 3539 an.
