2438 3892
134 174 177 240 ἸΟ
528 173 694 228 mmm<
712 173 753 229 α’.

132 319 229 405 λέγω,
253 316 304 386 ὅτι
323 315 343 406 v}
359 324 421 387 ΓΔ
444 316 668 404 ἐκβαλλομένη
693 313 746 402 ἐφ’
768 313 905 404 ἕκολτεμα
930 326 1144 400 συμπεσεῖται

131 428 170 514 τῇ
193 429 287 514 τομῇ.

199 531 353 620 εἰλήφθω
377 531 441 620 γάρ
464 557 496 599 τι
520 544 659 618 σημεῖον
682 528 735 598 ἐπὶ
757 532 817 617 τῇς
838 532 941 616 τομῆς
963 526 1001 597 τὸ
1026 535 1067 614 Ε,
1090 529 1146 597 καὶ

132 637 317 726 ἐπεζεύχθω
342 635 362 726 v}
387 645 458 705 ΕΖ.
510 636 566 704 καὶ
590 635 660 706 ἐπεὶ
682 633 896 725 παράλληλός
919 636 1010 703 ἐστιν
1035 631 1054 722 v}
1079 641 1145 702 AB

95 749 170 836 στῇ
193 752 270 831 ΓΔ,
297 745 353 814 καὶ
375 748 416 833 τῇ
440 751 504 812 ΑΒ
528 749 704 830 συμπίπτει
726 769 776 823 τις
800 740 916 810 εὐθεῖα
940 737 960 828 ἡ
984 748 1062 827 ΕΖ,
1090 741 1145 809 καὶ

129 848 238 939 ῇΓΔ
265 852 330 938 ἅμα
359 851 585 937 ἐκβαλλομένη
615 863 827 937 συμπεσεῖται
854 852 894 938 τῇ
918 854 990 916 ΕΖ.
1035 847 1093 915 καὶ
1116 851 1147 917 εί

129 958 191 1045 μὲν
214 959 335 1046 μεταξὺ
353 960 422 1027 των
440 965 481 1044 Ε,
502 963 539 1042 Ζ,
563 956 725 1046 φανερόν,
749 953 800 1025 ὅτι
823 955 879 1024 καὶ
900 958 941 1046 τῇ
959 958 1043 1044 τομῇ
1063 974 1145 1042 συμ-

128 1069 250 1149 πίπτει,
275 1061 334 1131 ἐὰν
354 1063 391 1132 δέ
410 1061 503 1143 ἐκτὸς
520 1065 581 1131 τοῦ
595 1069 627 1130 E
648 1067 798 1150 σημείου,
821 1061 986 1151 πρότερον
1000 1065 1041 1150 τῇ
1059 1071 1145 1152 τομῇ

129 1182 352 1256 συμπεσεῖται.
387 1165 408 1256 v}
433 1169 498 1255 ἄρα
513 1174 576 1237 ΓΔ
595 1170 825 1263 ,ἐκβαλλομένη
850 1165 894 1249 ὡς
918 1167 971 1237 ἐπὶ
990 1166 1031 1236 τὰ
1050 1175 1096 1254 Δ,
1116 1175 1148 1236 E

77 1300 110 1350 10
129 1277 212 1363 μέρη
237 1282 413 1363 συμπίπτει
436 1279 476 1366 τῇ
494 1279 587 1366 τομῇ.
626 1273 749 1362 ὁμοίως
768 1273 809 1362 δῇ
829 1276 993 1362 δείξομεν,
1018 1273 1070 1343 ὅτι
1088 1274 1144 1344 καὶ

129 1380 174 1465 ὡς
196 1383 249 1452 ἐπὶ
276 1386 317 1452 τὰ
342 1389 430 1468 Ζ,Β
459 1385 684 1470 ἐκβαλλομένη
711 1388 896 1469 συμπίπτει.
942 1379 962 1469 v}
987 1387 1050 1450 ΓΔ
1078 1381 1143 1472 ἅμα

129 1492 355 1579 ἐκβαλλομένη
380 1487 433 1578 ἐφ’
456 1489 592 1578 ἑκάτερα
616 1503 830 1578 συμπεσεῖται
852 1492 892 1577 τῇ
915 1499 1009 1578 τομῇ.

607 1703 668 1770 ιδ’.

192 1824 249 1895 Ἐν
272 1826 362 1916 ποίση
385 1825 498 1894 κείνου
521 1829 617 1914 τομῇ,
640 1823 711 1914 ῇτις
734 1821 778 1894 διν
800 1823 864 1894 ἀπὸ
884 1829 942 1913 τῇς
962 1828 1143 1915 διαμέτρου

76 1957 108 2008 15
128 1930 217 2019 παρὰ
245 1933 450 2021 τεταγμένως
477 1935 688 2021 κατηγμένην
717 1929 824 2022 ἀχθῇ,
858 1947 1072 2020 συμπεσεῖται
1100 1938 1140 2025 τῇ
1174 1994 1185 2018 ,

127 2043 221 2130 τομῇ·
965 2098 993 2146 Β

195 2151 277 2215 ἐστω
297 2145 410 2215 κοίνου
423 2145 520 2233 τομῇ,
538 2137 579 2234 ῇς
595 2146 770 2233 διάμετρος

127 2250 148 2341 v}
169 2259 246 2339 AB,
264 2253 319 2321 καὶ
337 2254 489 2341 εἰλήφθω
508 2280 540 2322 τι
559 2267 697 2341 σημεῖον
717 2253 770 2321 ἐπὶ

127 2364 185 2449 τῇς
204 2362 384 2448 διαμέτρου
397 2358 435 2428 τὸ
449 2368 489 2446 Β,
511 2360 567 2427 καὶ
587 2358 643 2428 διὰ
661 2363 723 2428 τοῦ
741 2366 770 2426 Β

75 2494 109 2544 20
128 2469 216 2557 παρὰ
230 2471 436 2558 τεταγμένως
449 2468 658 2555 κατηγμένην
675 2468 770 2554 ῇχθω

128 2573 242 2662 ῇΒΓ.
289 2578 391 2664 λέγω,
420 2573 470 2645 ὅτι
494 2572 600 2663 ῇΒΓ
619 2575 770 2660 έκβαλλο-
807 2632 838 2686 Α

128 2683 211 2771 μένη
236 2698 451 2770 συμπεσεῖται
474 2687 513 2772 τῇ
536 2683 630 2770 τομῇ.

195 2789 349 2876 είλῇφθω
364 2792 429 2877 γοίμ
444 2816 475 2857 τι
490 2803 628 2877 σημεῖον
648 2787 701 2855 ἐπὶ
713 2791 771 2873 τῇς

128 2898 231 2980 τομῇς
249 2895 286 2963 τὸ
303 2904 347 2963 Δ·
372 2901 441 2965 ἐστι
461 2896 498 2965 δέ
522 2895 578 2963 καί
601 2892 639 2962 τὸ
664 2902 696 2961 A
718 2893 771 2962 ἐπὶ

75 3005 188 3087 κστῇς
223 3005 339 3089 τομῇς·
386 3000 406 3088 v}
445 3001 511 3088 ἅμα
547 2999 612 3069 ἆπὸ
646 3004 707 3069 τοῦ
740 3007 772 3066 A

130 3109 182 3176 ἐπὶ
212 3106 250 3174 τὸ
285 3116 318 3175 Δ
350 3110 607 3195 ἐπιζευγνυμένη
641 3104 758 3175 εὐθεῖα
787 3102 880 3184 ἐντὸς
909 3116 1056 3172 πεσεῖται
1083 3107 1142 3191 τῇς

129 3218 240 3302 τομῇς.
282 3214 337 3281 καὶ
361 3214 431 3283 ἐπεὶ
454 3212 474 3301 v}
496 3211 560 3281 ἀπὸ
584 3223 645 3280 τοῦ
668 3221 700 3279 A
722 3213 811 3299 παρὰ
834 3212 1039 3296 τεταγμένως
1066 3237 1142 3278 κατ-

129 3323 278 3408 ηγμένην
302 3317 450 3408 ἀγομένη
474 3315 591 3387 εὐθεῖα
620 3315 711 3399 ἐκτὸς
733 3324 843 3387 πίπτει
867 3320 925 3404 τῇς
947 3320 1062 3404 τομῇς,
1085 3318 1141 3386 καὶ

130 3460 327 3468 -——--..-.—-
335 3461 342 3465 .

933 2670 966 2719 B

203 3542 244 3591 11.
264 3530 395 3607 ἐμπίπτει
414 3531 451 3601 Vy
471 3546 540 3587 corr.
559 3547 586 3599 p.
660 3535 701 3585 13.
721 3526 779 3603 ιδ’]
798 3550 827 3602 p,
845 3547 899 3587 om.
918 3530 952 3598 V,
971 3547 1007 3585 m.
1027 3535 1043 3584 2
1062 3547 1088 3585 v.
