2438 3892
506 697 755 773 ΚααιΚιιΝ
783 701 826 793 β’.

223 869 445 949 Ἀπολλιένιος
467 866 615 959 Εὐδήμῳ
639 872 778 955 χαίρειν.

227 982 272 1045 Ec
293 975 466 1063 ὑγιαίνεις,
490 979 557 1062 έχοι
576 970 619 1042 διν
637 976 757 1055 καλῶς·
783 974 840 1042 καὶ
858 968 959 1053 αὐτὸς
977 970 1016 1040 δὲ
1033 976 1168 1060 μετρίως

160 1089 245 1171 ἔχω.

124 1210 141 1260 σ
224 1185 450 1258 Ἀπολλαὶνιον
473 1185 533 1255 τὸν
556 1188 635 1255 υίόν
658 1213 724 1274 μου
746 1187 904 1274 πέπομφα
926 1186 1010 1275 πρός
1028 1206 1067 1257 σε
1084 1190 1170 1274 κομί-

163 1294 260 1378 ζοντα
293 1314 348 1364 σοι
379 1293 417 1362 τὸ
449 1293 484 1381 β’
517 1300 650 1381 βιβλίον
686 1296 754 1362 νῦν
786 1295 1063 1382 συντεταγμένων
1078 1282 1171 1382 ’ἡμίν

161 1407 322 1470 κωνικῶν.
374 1407 488 1470 δίελθε
517 1393 579 1469 οὖν
603 1396 685 1469 αὐτὸ
713 1402 873 1487 ἐπιμελῶς
895 1400 951 1468 καὶ
977 1411 1049 1481 τοϊς
1072 1397 1173 1482 αἰξίοις

160 1512 229 1577 τῶν
251 1508 415 1578 τοιούτων
437 1519 616 1576 κοινωνεῖν
634 1509 829 1593 μεταδίδου·
851 1506 908 1574 καὶ
929 1511 1121 1593 Φιλωνίδης
1138 1504 1173 1574 δὲ

162 1613 180 1683 δ
205 1616 407 1702 γεωμέτρης,
440 1611 480 1682 δν
507 1614 564 1681 καί
592 1610 779 1700 συνέστησά
803 1633 857 1681 σοι
881 1615 918 1682 έν
938 1609 1084 1706 Ἐφέσῳ,
1117 1611 1173 1682 ἐάν

111 1740 144 1790 10
163 1745 242 1789 ποτε
266 1723 405 1808 έπιβαλῇ
429 1724 476 1799 είς
497 1720 578 1799 τοῦς
600 1718 683 1787 κατδι
706 1720 888 1807 Πέργαμον
914 1718 1055 1806 τόπους,
1083 1745 1173 1807 μετα-

163 1825 223 1905 δὸς
240 1823 341 1919 αὐτῷ,
359 1826 415 1893 καί
429 1828 573 1895 σεαυτοῦ
586 1827 754 1913 ἐπιμελοῦ,
773 1829 831 1895 ἵνα
844 1824 1008 1914 ῦγιαίνης.
1038 1824 1175 1914 εὐτύχει.

650 2101 694 2143 α.

227 2214 307 2285 Ἐὰν
334 2214 521 2306 ὑπερβολῆς
547 2216 629 2284 κατὰ
657 2214 812 2306 κορυφὴν
841 2214 960 2284 εὐθεῖα
983 2214 1177 2302 ἐφάπτηται,

163 2325 220 2392 καί
247 2322 304 2392 ἄπ’
331 2323 433 2411 αὐτῆς
460 2322 512 2410 ἐφ’
539 2322 677 2410 ἑκάτερα
704 2335 761 2410 τῆς
788 2323 968 2409 διαμέτρου
994 2319 1178 2410 ἄποληφθῇ

114 2448 145 2496 15
165 2441 221 2519 ίση
244 2435 283 2520 τῇ
308 2433 478 2520 δυναμένη
500 2428 538 2499 τὸ
561 2431 719 2518 τέταρτον
741 2432 803 2496 τοῦ
826 2432 948 2513 είδονς,
973 2430 1010 2494 αί
1032 2425 1098 2495 ολπδ
1119 2430 1178 2495 τοῦ

164 2541 305 2628 κέντρον
332 2548 390 2624 τῆς
416 2547 519 2623 τομῆς
544 2535 598 2603 ἐπὶ
625 2533 665 2603 τὰ
690 2537 865 2622 ληφθέντα
890 2536 1016 2620 πέρατα
1044 2545 1102 2620 τῆς
1125 2535 1180 2620 έφ·

165 2646 351 2730 απτομένης
369 2642 529 2728 ἀγόμεναι
549 2639 681 2710 εὐθεῖαι
701 2638 743 2709 οῦ
761 2644 1011 2727 συμπεσοῦνται
1029 2644 1070 2728 τῇ
1086 2644 1182 2728 τομῇ.

232 2754 315 2816 ἔστω
344 2747 528 2835 ὑπερβολή,
556 2739 596 2834 ἧς
624 2747 801 2836 διάμετρος
826 2745 846 2832 ῆ
870 2754 951 2831 ΑΒ,
978 2746 1122 2834 κέντρον
1146 2745 1182 2814 δέ

165 2853 203 2920 τὸ
223 2859 262 2938 Γ,
287 2853 389 2940 ὀρθία
413 2854 450 2923 δέ
473 2852 493 2941 ἡ
514 2861 587 2941 ΒΖ,
610 2855 666 2922 καὶ
685 2854 884 2940 ἐφαπτέσθω
903 2863 961 2939 τῆς
978 2865 1081 2939 τομῆς
1100 2850 1182 2921 κατὰ

113 2974 147 3024 20
166 2957 202 3026 τὸ
218 2965 246 3024 Β
266 2956 381 3045 ῆΔΕ,
404 2959 523 3051 καὶτῷ
542 2959 686 3050 τετάρτῳ
704 2963 766 3027 τοῦ
785 2956 849 3026 ῦπό
869 2962 936 3025 τῶν
951 2961 1017 3026 ΑΒ
1024 2964 1051 3023 Ζ
1070 2963 1184 3039 είδους

167 3074 243 3132 ίσον
272 3068 354 3130 ἔστω
382 3062 420 3131 τὸ
449 3061 510 3150 ἀφ’
537 3065 692 3154 ἑκατέρας
720 3069 787 3133 τῶν
817 3071 893 3149 ΒΔ,
917 3072 995 3150 ΒΕ,
1027 3064 1084 3132 καί
1119 3067 1185 3134 ἑπι-

229 3325 411 3386 ’Λπολλωνίον
422 3330 550 3385 κωνικῶν
562 3317 611 3402 Bw
626 3333 655 3404 (β
668 3349 704 3388 m.
716 3334 744 3400 2)
758 3331 791 3398 V,
812 3333 840 3386 et
854 3349 871 3384 v
892 3331 920 3402 (β
934 3347 1004 3385 corr.
1015 3346 1049 3385 ex
1063 3353 1082 3386 α
1098 3351 1136 3389 m.
1148 3335 1185 3403 2).

195 3409 220 3458 3.
240 3399 380 3472 ῦγιαίνοις
397 3420 424 3472 p.
499 3406 541 3454 12.
561 3399 606 3472 α’]
625 3420 676 3472 vp,
696 3418 749 3457 om.
769 3401 802 3469 V,
821 3404 854 3457 ut
872 3401 1013 3470 deinceps.
