2438 3892
125 148 192 213 296
525 149 693 202 ΚΩΝΙΚΩΝ
711 145 749 220 β’.

125 292 195 361 ἐστὶ
219 294 344 370 δοθείς.
380 303 438 377 τῆς
462 290 499 359 δὲ
523 298 593 359 ΛΕ
613 289 698 379 πρὸς
721 296 795 359 ΕΓ·
832 291 889 359 καὶ
911 303 971 379 τῆς
993 299 1055 362 ΓΕ
1073 289 1125 379 ἄρα

125 397 209 486 πρὸς
231 404 303 464 EX
319 396 421 483 λόγος
444 398 512 465 ἐστὶ
537 401 661 478 δοθείς.
706 403 765 465 καί
786 400 877 466 ἐστιν
902 397 994 487 ὀρθή
1016 395 1036 486 ἡ
1057 397 1125 486 πρὸς

125 509 171 598 τῷ
194 511 237 571 E·
284 510 426 573 δοθεῖσα
454 503 520 592 ίίρα
546 502 568 590 ἡ
598 501 682 593 πρὸς
709 515 755 597 τῷ
780 511 814 572 Χ
833 511 951 591 γωνία.
995 510 1053 574 καί
1071 506 1127 574 ἐστι

125 612 209 699 πρὸς
235 613 330 679 θέσει
357 612 413 679 καὶ
444 613 583 680 δοθέντι
607 617 746 702 σημείῳ·
794 611 900 680 δοθὲν
924 610 990 696 ἄρα
1014 612 1077 680 ἐστὶ
1096 609 1126 679 τὸ

90 731 106 780 σ
126 725 158 787 Γ
178 731 325 805 σημεῖον.
366 718 423 785 καὶ
446 717 511 786 ἀπὸ
537 719 725 804 δεδομένου
747 720 809 786 τοῦ
833 723 866 784 Γ
884 720 1090 807 ἐφαπτομένη
1110 713 1125 803 ἡ

125 831 200 892 ΓΛ·
246 827 342 893 θέσει
366 823 431 912 ἄρα
456 821 476 910 ἡ
500 828 571 893 ΓΛ.

194 930 435 1017 σνντεθήσεται
459 930 501 1017 δὴ
525 928 563 999 τὸ
582 930 759 1018 πρόβλημα
781 931 900 1012 οὕτως·
937 937 1022 1000 ἔστω
1040 929 1060 1019 ἡ
1076 930 1126 1018 μὲν

127 1041 269 1105 δοθεῖσα
292 1041 398 1122 γωνία
423 1034 512 1117 ὀξεῖα
535 1034 557 1123 ἡ
580 1034 646 1104 ὑπὸ
671 1049 740 1106 τῶν
765 1044 879 1125 ΖΗΘ,
906 1039 964 1106 καὶ
988 1037 1125 1126 εἰλήφθω

125 1144 179 1212 ἐπὶ
201 1153 258 1229 τῆς
282 1149 355 1210 ΖΗ
372 1141 409 1211 τὸ
434 1149 473 1229 Ζ,
496 1144 553 1211 καὶ
575 1143 719 1224 κάθετος
740 1141 838 1232 ἤχθω
862 1141 882 1231 ἡ
907 1151 989 1232 ΖΘ,
1008 1144 1062 1213 καὶ
1081 1169 1124 1211 πε

74 1265 106 1313 10
125 1249 297 1335 ποιήσθω,
322 1245 365 1330 ὡς
388 1247 408 1337 ἡ
436 1248 540 1339 ὀρθία
562 1250 645 1338 πρὸς
667 1249 730 1338 τὴν
752 1256 908 1338 πλαγίαν,
930 1251 970 1319 τὸ
995 1249 1059 1320 ἀπὸ
1077 1261 1124 1336 τῆς

126 1364 188 1424 ΖΘ
215 1355 298 1445 πρὸς
325 1356 363 1426 τὸ
391 1355 457 1426 ὑπὸ
482 1369 550 1425 τῶν
573 1363 697 1444 ΗΘΚ,
726 1358 781 1426 καὶ
805 1358 993 1446 ἐπεζεύχθω
1015 1356 1036 1445 ἡ
1059 1363 1124 1441 ΚΖ,

124 1464 180 1531 καὶ
208 1469 290 1532 ἔστω
318 1466 458 1552 κέντρον
486 1475 544 1551 τῆς
569 1475 673 1551 τομῆς
699 1462 737 1532 τὸ
762 1470 807 1550 X,
835 1464 891 1531 καὶ
919 1468 960 1554 τῇ
983 1461 1048 1532 ὑπὸ
1069 1465 1123 1532 τῶν

124 1578 164 1639 Η
167 1576 232 1638 ΚΖ
260 1578 368 1662 γωνίᾳ
396 1581 452 1659 ίση
481 1571 671 1640 συνεστάτω
699 1568 721 1657 ἡ
747 1568 813 1639 ὑπὸ
840 1575 910 1639 τῶν
937 1576 1053 1656 ΛΧΓ,
1080 1567 1122 1636 καὶ

46 1697 50 1703 ’
124 1676 220 1767 ἤχθω
245 1681 456 1767 ἐφαπτομένη
480 1692 538 1766 τῆς
559 1689 661 1766 τομῆς
683 1674 704 1766 ἡ
729 1683 799 1747 ΓΛ.
840 1679 937 1764 λέγω,
963 1675 1015 1746 ὅτι
1036 1675 1056 1764 ἡ
1074 1680 1121 1743 ΓΔ

74 1799 106 1848 15
124 1799 214 1853 ποιεῖ
241 1784 278 1854 τδ
306 1785 499 1875 πρόβλημα,
527 1787 714 1872 τουτέστιν,
743 1782 794 1853 ὅτι
823 1792 878 1871 ίση
908 1785 1000 1853 ἐστὶν
1027 1785 1048 1871 ἡ
1072 1778 1122 1851 ὑπὸ

123 1895 192 1958 τῶν
217 1896 317 1958 ΓΔΕ
336 1897 445 1977 γωνιά
466 1896 507 1980 τῇ
531 1889 596 1960 ὑπὸ
620 1896 688 1961 τῶν
713 1898 822 1960 ΖΗΘ.

191 1997 261 2064 ἐπεὶ
285 1997 350 2086 γάρ
374 1998 475 2084 ἐστιν,
499 1996 544 2079 ὡς
567 1996 587 2086 ἡ
611 2005 677 2066 ΚΕ
697 1997 781 2087 πρὸς
804 2004 881 2084 ΕΓ,
905 1996 1012 2078 οὕτως
1034 1997 1123 2084 ἡΚΘ

123 2102 206 2189 πρὸς
230 2109 310 2189 ΖΘ,
338 2103 395 2170 καὶ
424 2101 469 2183 ὡς
497 2105 563 2191 ίίρα
586 2104 623 2173 τὸ
648 2101 713 2174 ιἰπδ
737 2117 796 2192 τῆς
817 2112 885 2172 ΧΕ
905 2102 992 2193 πρὸς
1013 2101 1050 2172 τὸ
1072 2098 1122 2168 ίιιὸ

123 2221 180 2295 τῆς
200 2215 276 2295 ΕΓ,
301 2206 407 2289 οὕτως
430 2211 467 2279 τὸ
492 2207 557 2279 ἀπὸ
581 2223 639 2297 τῆς
658 2217 729 2278 ΚΘ
747 2212 828 2297 πρὸς
847 2210 884 2278 τὸ
905 2207 971 2277 ἀπὸ
992 2222 1049 2297 τῆς
1067 2211 1122 2274 ΖΘ.

71 2331 105 2380 20
125 2321 195 2384 ἔστι
224 2315 260 2384 δὲ
288 2323 360 2403 καί,
394 2314 438 2396 ὡς
466 2316 504 2387 τὸ
533 2315 598 2385 ἀπὸ
625 2330 684 2405 τῆς
707 2324 771 2385 ΓΕ
800 2315 884 2404 πρὸς
910 2316 949 2385 τὸ
978 2315 1043 2385 ὑπὸ
1069 2324 1122 2384 τῶν

123 2432 241 2511 ΔΕΧ,
267 2424 372 2503 οὕτως
390 2423 428 2493 τὸ
449 2422 514 2493 ἀπὸ
533 2436 591 2511 τῆς
611 2432 671 2491 ΖΘ
690 2424 772 2510 πρὸς
789 2424 828 2493 τὸ
848 2420 913 2491 ὑπὸ
933 2436 1002 2492 τῶν
1022 2424 1123 2494 ΚΘΗ·Ι

125 2532 278 2622 ἑκάτερος
304 2531 368 2618 γὰρ
398 2529 415 2600 ὁ
445 2531 547 2611 αὐτός
574 2535 643 2599 έστι
669 2542 716 2623 τῷ
749 2543 807 2618 τῆς
830 2529 952 2617 ὀρθίας
974 2529 1057 2618 πρὸς
1076 2523 1125 2611 τὴν

124 2646 281 2726 πλαγίαν.
321 2640 377 2707 καὶ
403 2637 447 2707 δι’
470 2648 560 2707 λ’σου·
604 2636 648 2717 ὡς
671 2635 736 2724 ἄρα
758 2639 796 2704 τὸ
823 2633 887 2705 τἰπὸ
908 2645 976 2704 ΧΕ
996 2635 1076 2720 πρὸς
1094 2628 1124 2700 τὸ

122 2741 188 2811 ὑπὸ
218 2754 336 2832 ΧΕΔ,
366 2743 474 2824 οὕτως
500 2746 537 2812 τὸ
568 2742 633 2812 ἀπὸ
662 2750 726 2811 ΚΘ
753 2741 837 2830 πρὸς
864 2741 901 2810 τὸ
930 2739 996 2810 ὑπὸ
1026 2742 1125 2808 ΗΘΚ.

71 2863 104 2909 25
124 2849 179 2913 καὶ
204 2847 249 2928 ὡς
272 2849 339 2937 ἄρα
362 2848 382 2936 ἡ
409 2857 475 2918 ΧΕ
495 2848 579 2935 πρὸς
601 2848 663 2936 τὴν
687 2856 769 2934 ΕΔ,
795 2849 900 2927 οὕτως
923 2846 943 2934 ἡ
968 2856 1035 2916 ΚΘ
1057 2849 1125 2932 πρὸς

122 2951 183 3037 τὴν
213 2961 289 3022 ΘΗ.
334 2961 404 3024 ἔστι
432 2956 469 3024 δὲ
497 2964 567 3043 καί,
596 2955 641 3036 ὡς
667 2957 688 3043 ἡ
717 2964 783 3023 ΧΕ
808 2952 891 3042 πρὸς
920 2960 997 3038 ΓΕ,
1026 2952 1046 3040 ἡ
1073 2955 1126 3019 ΚΘ

122 3057 207 3144 πρὸς
231 3067 304 3127 ΖΘ·
352 3059 397 3129 δι’
423 3071 501 3130 ίσον
524 3062 588 3151 ἄρα
613 3067 719 3148 ἐστίν,
750 3060 794 3141 ὡς
816 3059 837 3148 ἡ
863 3069 933 3128 ΔΕ
953 3060 1038 3148 πρὸς
1062 3061 1126 3139 ΕΓ,

124 3165 228 3245 οὕτως
257 3163 277 3251 ἡ
303 3174 371 3233 ΗΘ
399 3169 484 3254 πρὸς
506 3168 568 3255 τὴν
593 3178 661 3238 ΖΘ.
707 3168 861 3255 καὶπερὶ
886 3165 993 3254 ὀρθὰς
1016 3169 1127 3253 γωνίας

196 3372 219 3418 1.
239 3363 307 3419 Post
326 3367 382 3417 ΕΓ
403 3363 468 3417 add.
487 3361 569 3432 λόγος
590 3362 647 3419 ἐστὶ
667 3367 765 3427 δοθείς
783 3384 810 3434 p.
904 3363 973 3435 ΓΕ]
998 3365 1056 3417 ΚΕ
1074 3359 1124 3437 VP3

123 3454 192 3492 corr.
211 3436 328 3490 Memus.
421 3441 463 3488 12.
489 3433 577 3506 ἔστω]
600 3435 632 3491 τό
652 3437 689 3502 V;
720 3437 826 3491 correxi
849 3435 1002 3505 praeeunte
1026 3431 1127 3486 Hallelo

124 3508 190 3576 (del.
211 3508 260 3563 καὶ
274 3504 325 3576 τό).
387 3511 429 3560 13.
451 3506 548 3576 HKZ]
570 3511 624 3559 ΗΖ
643 3508 681 3572 V;
702 3524 804 3577 con-,p
826 3512 903 3576 (ΗΚ,
918 3510 990 3575 ΚΖ).
1047 3509 1085 3558 22.
1103 3494 1127 3567 ὁ]
