2438 3892
126 143 169 207 22
520 140 688 194 ΚΩΝΙΚΩΝ
707 134 748 195 α’.

193 281 378 373 ἐπεζεύχθω
397 279 418 369 ἡ
433 292 465 350 A
471 292 504 350 A
522 284 577 350 καὶ
593 279 824 368 ἐκβεβλήσθω·
849 298 1079 369 συμπεσεῖται
1092 285 1152 374 ἄρα

125 395 164 480 τῇ
184 397 377 480 περιφερείᾳ
395 394 456 458 τοῦ
471 396 538 459 ΒΓ
551 388 686 457 κύκλου.
720 389 930 475 συμπιπτέτω
945 389 1038 458 κατὰ
1058 394 1098 461 τὸ
1113 399 1152 479 K,

124 499 180 565 καί
204 496 268 566 ἀπὸ
292 501 354 566 τοῦ
377 504 412 565 Κ
440 496 493 565 ἐπὶ
516 495 577 564 τδν
601 502 667 563 ΒΓ
691 494 834 575 κάθετος
856 492 956 582 ἤχθω
983 495 1006 584 ἡ
1031 506 1151 568 ΚΘΛ·

126 604 338 692 παράλληλος
362 602 427 688 ἄρα
447 603 537 671 ἐστὶν
555 600 576 689 ἡ
594 608 663 670 ΚΘ
681 605 722 691 τῇ
736 607 829 669 ΜΝ·
852 602 910 669 καὶ
927 606 972 691 τῇ
989 612 1065 673 ΔΕ
1082 605 1153 695 ἄρα.

91 733 106 782 5
127 710 312 798 ἐπεζεύχθω
337 708 405 778 ἀπὸ
429 714 491 777 τοῦ
515 719 547 777 A
571 709 623 776 ἐπὶ
648 707 685 775 τὸ
713 713 742 774 Θ
765 705 785 795 ἡ
810 714 883 776 ΑΘ.
925 709 1003 778 ἐπεὶ
1027 704 1097 781 οὖν
1120 716 1153 782 ἐν

124 816 276 906 τριγώνῳ
305 820 350 908 τῷ
375 823 478 884 ΑΘΚ
504 819 544 904 τῇ
569 822 637 883 ΘΚ
666 814 877 901 παράλληλός
899 817 997 884 ἐστιν
1025 815 1048 906 ἡ
1077 827 1153 908 ΔΕ,

124 920 232 1010 ἡΔΕ
249 921 315 1011 ἄρα
335 923 560 1009 ἐκβαλλομένη
581 935 796 1007 συμπεσεῖται
814 925 855 1010 τῇ
876 929 949 990 ΑΘ.
986 921 1009 1012 ἡ
1032 925 1074 994 δὲ
1092 933 1153 994 ΑΘ

125 1031 161 1096 ἐν
180 1033 226 1119 τῷ
245 1033 307 1096 τοῦ
324 1035 425 1096 ΑΒΓ
441 1031 530 1096 ἐστιν
546 1029 705 1119 ἐπιπέδῳ·
730 1041 944 1115 συμπεσεῖται
959 1027 1071 1120 ἅραὴ
1088 1041 1155 1101 ΔΕ

123 1138 169 1226 τῷ
193 1139 255 1203 τοῦ
274 1141 378 1203 ΑΒΓ
395 1137 562 1222 τριγώνου
586 1135 740 1224 ἐπιπέδῳ.
778 1132 834 1202 διὰ
856 1133 897 1202 τὰ
920 1131 1012 1204 αὐτὰ
1035 1141 1097 1207 καί
1115 1144 1151 1228 τῇ

73 1263 106 1312 10
124 1247 192 1308 ΑΘ
205 1246 396 1327 συμπίπτει·
421 1241 630 1326 συμπιπτέτω
645 1239 729 1307 κατὰ
744 1238 782 1307 τὸ
799 1247 836 1324 Ζ,
854 1241 911 1307 καί
926 1244 1150 1332 ἐκβεβλήσθω

125 1344 145 1434 ἡ
171 1355 237 1415 ΔΖ
265 1345 314 1416 ἐπ’
343 1344 493 1433 εὐθείας,
522 1345 616 1435 ἄχρις
641 1342 685 1413 δν
710 1346 859 1433 συμπέσῃ
883 1349 922 1434 τῇ
945 1360 1013 1417 τοῦ
1037 1352 1151 1421 κώνου

125 1457 310 1546 ἐπιφανείᾳ.
361 1454 571 1541 συμπιπτέτω
599 1450 682 1520 κατὰ
711 1451 749 1520 τὸ
778 1459 821 1520 Η.
872 1454 974 1538 λέγω,
1012 1455 1068 1525 ὅτι
1098 1467 1150 1545 ίση

125 1561 258 1649 ἐστὶνὴ
286 1570 351 1630 ΔΖ
374 1564 414 1650 τῇ
440 1568 516 1628 ZH.

192 1669 261 1737 ἐπεὶ
288 1673 353 1753 γὰρ
381 1665 421 1733 τὰ
449 1677 495 1752 Α,
520 1673 569 1751 Η,
594 1672 625 1732 Λ
658 1679 777 1752 σημεῖα
805 1667 841 1735 ἐν
872 1670 911 1755 τῇ
940 1672 1007 1735 τοῦ
1036 1670 1150 1741 κώνου

73 1797 106 1847 15
125 1774 216 1840 ἐστίν
235 1769 425 1862 ἐπιφανείᾳ,
449 1769 534 1841 ἀλλὰ
557 1774 612 1840 καί
636 1774 674 1840 ἐν
699 1776 744 1864 τῷ
769 1773 912 1862 ἐπιπέδῳ
931 1777 978 1862 τῷ
1001 1776 1063 1844 διὰ
1082 1782 1150 1848 τών

123 1887 155 1945 A
161 1886 199 1964 Θ,
215 1885 294 1964 ΑΚ,
311 1885 390 1964 ΔΗ,
404 1887 439 1947 Κ
443 1886 474 1946 Λ
489 1881 732 1970 ἐκβαλλομένῳ,
752 1877 833 1967 ὅπερ
849 1878 904 1946 διὰ
919 1883 978 1966 τῆς
993 1888 1151 1971 κορυφῆς

123 1988 184 2052 τοῦ
202 1984 315 2054 κώνου
334 1988 502 2071 τρίγωνόν
521 1990 600 2071 ἐστι,
623 1985 663 2054 τδι
684 1995 727 2072 A,
747 1994 792 2071 Η,
812 1993 843 2054 A
866 1983 931 2072 ἄρα
951 2002 1079 2075 σημεῖα
1099 1991 1150 2071 ἐπὶ

122 2094 181 2176 της
205 2095 321 2179 κοινῆς
345 2093 415 2159 ἐστι
437 2096 540 2179 τομῆς
563 2096 621 2178 τῆς
644 2102 707 2159 τοῦ
731 2091 844 2160 κώνου
867 2093 1071 2178 ἐπιφανείας
1095 2097 1149 2165 καί

123 2201 185 2263 τοῦ
208 2197 384 2285 τριγώνου.
421 2198 540 2267 εὐθεῖα
563 2197 630 2284 ἄρα
654 2198 744 2265 ἐστίν
768 2195 789 2284 ἡ
810 2199 865 2265 διὰ
887 2202 956 2266 τῶν
975 2209 1022 2287 A,
1042 2210 1091 2288 Η,
1111 2210 1148 2272 A.

70 2328 105 2378 νο
125 2303 194 2372 ἐπεὶ
218 2297 282 2372 οίν
305 2307 342 2373 ἐν
366 2304 519 2396 τριγώνῳ
542 2308 588 2395 τῷ
613 2314 645 2370 A
653 2310 723 2370 ’ΛΚ
749 2309 788 2392 τῇ
812 2311 915 2372 ΚΘΛ
943 2304 1044 2389 βάσει
1066 2333 1148 2396 παρ

122 2410 266 2499 ώλληλος
288 2405 385 2499 ἦκται
408 2409 428 2498 ἡ
455 2418 543 2496 ΔΗ,
571 2411 627 2478 καὶ
660 2413 795 2497 διῆκταί
814 2437 863 2490 τις
891 2408 956 2479 ἀπὸ
978 2418 1046 2482 τοῦ
1068 2426 1104 2483 A
1126 2414 1146 2503 ἡ

122 2527 237 2606 ΑΖΘ,
270 2524 362 2588 ἐστιν
391 2515 435 2598 ὡς
458 2515 479 2604 η
503 2525 571 2585 ΚΘ
598 2514 682 2605 πρὸς
705 2524 785 2602 ΘΛ,
818 2515 838 2603 ἡ
864 2526 929 2585 ΔΖ
957 2520 1047 2606 πρὸς
1070 2529 1145 2591 ΖΗ.

124 2632 178 2711 ίση
204 2625 241 2693 δέ
263 2622 284 2712 ἡ
305 2633 372 2693 ΚΘ
394 2629 433 2712 τῇ
458 2630 533 2709 ΘΛ,
557 2625 689 2710 ἐπείπερ
713 2625 750 2690 ἐν
773 2622 883 2715 κύκλῳ
906 2627 951 2715 τῷ
972 2632 1041 2693 ΒΓ
1065 2629 1146 2697 κάθ-

123 2732 194 2809 ετός
222 2733 312 2798 ἐστιν
342 2733 395 2799 ἐπὶ
422 2729 484 2817 τὴν
513 2728 694 2816 διάμετρον
723 2727 743 2816 ἡ
769 2737 847 2798 ΚΛ.
903 2738 958 2816 ίση
988 2729 1058 2821 ἄρα
1090 2737 1144 2805 καί

70 2833 144 2921 ειη
168 2843 233 2902 ΔΖ
255 2840 295 2923 τῇ
320 2842 390 2902 ZH.

187 3080 267 3151 Ἐὰν
290 3087 399 3161 κώνος
423 3083 565 3172 ἐπιπέδῳ
585 3087 698 3172 τμηθῇ
719 3083 775 3152 διὰ
793 3089 854 3152 τοῦ
873 3083 1004 3171 ἄξονος,
1029 3094 1144 3179 τμηθῇ

125 3189 162 3257 δέ
180 3191 236 3256 καί
256 3189 356 3280 ἑτέρῳ
377 3190 519 3279 ἐπιπέδῳ
538 3190 693 3276 τέμνοντι
708 3188 745 3258 τὸ
762 3194 930 3277 ἐπίπεδον,
956 3194 992 3260 ἐν
1008 3185 1036 3285 ᾧ
1052 3199 1145 3265 ἐστιν

123 3293 143 3383 ἡ
167 3295 265 3381 βάσις
287 3297 349 3362 τοῦ
371 3294 500 3381 κώνου,
528 3293 599 3363 κατ’
626 3294 764 3364 εὐθεῖαν
793 3297 876 3387 πρὸς
900 3296 1009 3385 ὀρθὰς
1034 3295 1144 3373 οὖσαν

124 3423 335 3432 ι---

194 3497 236 3546 21.
256 3488 314 3545 ἀπὸ
335 3492 397 3562 του]
419 3507 466 3560 cp,
486 3485 563 3545 ἆποῦ
582 3489 615 3545 V.
689 3496 732 3547 23.
754 3487 797 3564 ἐν]
818 3489 850 3547 ἐκ
869 3491 907 3560 V;
927 3509 997 3549 corr.
1016 3513 1045 3564 p.
