2438 3892
217 469 295 542 Ἐὰν
322 472 519 563 παραβολῆν
546 468 566 559 ῆ
594 468 786 561 ὑπερβολὴν
815 470 933 540 εὐθεῖα
959 472 1063 562 τέμνη
1086 497 1165 540 κατα

154 578 216 649 δύο
240 595 359 668 σημεῖα
382 579 427 668 μῆ
451 585 684 668 συμπίπτουσα
711 582 751 668 τῆ
780 579 945 670 διαμέτρῳ
975 578 1086 665 ἐντός,
1119 581 1165 648 ἐκ·

153 690 342 774 βαλλομένη
370 700 584 774 συμπεσεῖται
610 689 651 775 τῆ
680 687 843 777 διαμέτρῳ
866 689 926 771 τῆς
947 689 1052 775 τομῆς
1076 685 1166 767 ἐκτὸς

117 797 211 880 ὄτῆε
233 798 344 881 τομῆς·

220 903 303 967 έστω
326 896 499 988 παραβολὴ
523 894 544 984 ῆ
566 895 752 986 ὑπερβολή,
779 889 819 986 ῆς
846 898 1023 987 διάμετρος
1045 896 1067 987 ἡ
1092 906 1166 985 ΑΒ,

152 1005 209 1073 καὶ
235 1007 379 1093 τεμνέτω
406 1032 457 1085 τις
480 1003 597 1073 εὖδεῖα
624 1004 687 1091 τῆν
714 1003 821 1092 τομῆν
847 1004 931 1075 κατδι
960 1003 1023 1073 δύο
1049 1020 1167 1093 σημεῖα

151 1111 192 1179 τὰ
216 1120 255 1199 Γ,
275 1121 316 1180 Δ.
357 1112 457 1198 λέγω,
487 1109 537 1180 ὅτι
565 1109 585 1198 ἡ
609 1118 672 1180 ΓΛ
698 1113 923 1199 ἐκβαλλομένη
953 1126 1167 1199 συμπεσεῖται

153 1215 245 1299 έκτδς
266 1223 325 1306 τῆς
346 1223 449 1307 τομῆς
471 1223 510 1308 τῆ
532 1225 602 1286 ΑΒ.

103 1340 134 1390 10
219 1326 441 1414 κατήχδοτσαν
459 1322 524 1393 αἰπδ
543 1329 610 1394 τῶν
624 1331 663 1410 Γ,
679 1334 712 1392 Δ
729 1326 935 1412 τεταγμένως
949 1327 985 1392 αῖ
998 1330 1071 1413 ΓΕ
1088 1334 1167 1394 ΔΒ·

154 1437 237 1502 ἔσται
267 1433 304 1502 δέ
331 1445 464 1522 πρῶτον
493 1429 513 1519 ῆ
540 1432 625 1519 τομῆ
653 1431 837 1521 παραβολῆ.
884 1431 953 1500 ἐπεὶ
972 1423 1042 1499 οὖν
1066 1435 1102 1500 έν
1125 1435 1164 1521 τῆ

153 1545 328 1630 παραβολῇ
352 1543 453 1625 ἐστιν,
477 1536 522 1620 ὡς
543 1538 581 1608 τὸ
605 1535 669 1606 ιἰπό
693 1542 752 1625 τῆς
769 1544 835 1606 ΓΕ
854 1537 938 1628 πρὸς
959 1537 998 1606 τὸ
1023 1535 1089 1605 ἀπὸ
1107 1542 1165 1626 τῆς

155 1655 232 1734 ΔΒ,
256 1647 362 1728 οὕτως
380 1645 400 1734 ῆ
416 1655 481 1714 EA
503 1644 587 1733 πρὸς
601 1652 677 1731 AB,
700 1651 819 1733 μείζων
839 1644 876 1713 δέ
896 1645 999 1733 ῆΑΕ
1018 1648 1076 1731 τῆς
1091 1652 1167 1731 AB,

153 1759 265 1840 μεῖζον
293 1753 360 1842 ἄρα
391 1754 447 1820 καὶ
478 1751 516 1822 τὸ
545 1750 610 1821 ιἰπδ
638 1756 697 1839 τῆς
723 1757 790 1819 ΓΕ
819 1755 880 1820 τοῦ
912 1749 977 1819 ιἰπὸ
1004 1754 1064 1837 τῆς
1091 1759 1168 1820 ΔΒ.

102 1874 135 1923 15
154 1857 238 1928 ὥστε
261 1860 316 1928 καλ
344 1857 364 1947 ῆ
389 1866 454 1929 ΓΕ
478 1863 537 1946 τῆς
560 1866 627 1927 ΔΒ
654 1864 774 1947 μείζων
797 1860 874 1927 ἐστί.
919 1863 979 1926 καί
998 1863 1063 1926 εἰσι
1086 1882 1167 1946 παρ-

154 1964 306 2051 ολλληλοι·
335 1962 355 2052 ῆ
379 1972 441 2034 ΓΛ
464 1964 530 2053 ἄρα
553 1965 778 2053 ἐκβαλλομένη
802 1977 1016 2052 συμπεσεῖται
1038 1968 1079 2054 τῆ
1103 1970 1167 2032 ΑΒ

154 2072 318 2162 διαμέτρῳ
342 2069 433 2152 έκτὸς
455 2075 513 2158 τῆς
536 2075 647 2158 τομῆς.

221 2175 306 2246 ολλλδι
330 2178 371 2265 δῆ
400 2183 483 2246 ἔσται
507 2175 686 2265 ὑπερβολῆ.
741 2179 811 2246 έπελ
844 2169 908 2246 οὖν
936 2178 973 2245 έν
1000 2180 1040 2266 τῆ
1069 2175 1168 2264 ὑπερ-

154 2289 238 2375 βολῆ
263 2288 363 2371 ἐστιν,
387 2282 432 2366 ὥς
454 2284 491 2354 τὸ
515 2282 581 2353 ἀπὸ
605 2295 664 2372 τῆς
683 2290 747 2352 ΓΕ
768 2283 851 2373 πρὸς
873 2283 911 2353 τὸ
931 2281 996 2352 ἀπὸ
1014 2288 1073 2369 τῆς
1090 2290 1169 2371 ΒΔ,

100 2410 135 2459 20
156 2391 261 2473 οὕτως
283 2390 321 2462 τὸ
345 2390 410 2461 ὑπὸ
437 2400 535 2460 ΖΕΑ
563 2390 646 2480 πρὸς
668 2390 706 2459 τὸ
731 2389 796 2459 ὑπὸ
822 2398 933 2476 ΖΒΑ,
962 2398 1073 2478 μεῖζον
1102 2389 1168 2480 ἄρα

153 2500 210 2567 καὶ
231 2499 269 2568 τὸ
292 2498 358 2567 ἀπὸ
382 2503 440 2585 τῆς
464 2504 527 2567 ΓΕ
548 2502 609 2567 τοῦ
631 2495 697 2565 ἀπὸ
719 2502 778 2584 τῆς
801 2505 876 2565 ΔΒ.
921 2503 980 2565 καί
1001 2503 1064 2566 εἰσι
1088 2523 1169 2586 παρ-

154 2605 306 2693 άλληλοι·
330 2604 350 2692 ῆ
374 2611 437 2673 ΓΔ
459 2604 525 2695 ἄρα
549 2607 772 2692 ἐκβαλλομένη
797 2618 1009 2691 συμπεσεῖται
1031 2609 1072 2693 τῆ
1096 2610 1168 2673 δια-

154 2712 261 2803 μέτρῳ
284 2716 342 2798 τῆς
364 2715 466 2800 τομῆς
488 2711 582 2793 ἐκτὸς
603 2715 661 2799 τῆς
683 2715 793 2798 τομῆς.

628 2917 693 2978 κγ.

101 3031 135 3080 25
219 3012 298 3082 Ἐὰν
327 3020 475 3095 ἔλλειψιν
507 3014 624 3084 εὐθεῖα
653 3016 755 3102 τέμνη
784 3010 905 3101 μεταξὺ
931 3014 1066 3101 κειμένη
1098 3018 1168 3082 τῶν

155 3120 218 3188 δύο
243 3121 441 3209 διαμέτρων,
464 3118 688 3208 ἐκβαλλομένη
711 3133 924 3208 συμπεσεῖται
943 3120 1080 3210 ἑκατέρῳ
1098 3125 1168 3190 τῶν

155 3227 340 3315 διαμέτρων
364 3225 456 3307 ἐκτὸς
478 3231 536 3315 τῆς
558 3233 668 3315 τομῆς.

227 3396 251 3444 1.
271 3385 331 3462 νβ’]
351 3407 378 3459 p,
400 3405 454 3445 om.
475 3388 507 3453 V,
526 3393 642 3443 ταῖν.
717 3393 757 3443 13.
778 3387 848 3478 ΑΕ]
868 3392 917 3442 ΑΒ
936 3388 1167 3459 V3EAp(Ae

155 3462 244 3530 corn).
311 3466 351 3515 15.
372 3461 436 3532 ΔΒ]
456 3463 506 3512 AB
525 3458 563 3526 V;
582 3475 651 3514 corr.
671 3478 699 3530 p.
765 3464 805 3514 16.
826 3461 892 3529 αρα]
911 3478 939 3528 p,
959 3459 1057 3515 om.V.
1124 3466 1164 3514 18.

154 3529 482 3601 Mg.m.1At....V.
555 3535 598 3586 24.
617 3526 676 3602 κη’]
696 3549 724 3601 p,
744 3547 797 3585 om.
816 3531 850 3600 V,
869 3535 986 3585 ταῖν.
