2438 3892
119 137 186 202 294
519 135 687 190 Κωωιεςεω
706 128 744 205 β’.

121 286 203 347 ΚΗ.
244 282 315 344 ἔστι
339 276 376 345 δὲ
399 281 463 363 καί,
488 273 532 356 ὥς
556 273 576 363 ἡ
600 280 723 361 πλαγία
746 273 830 365 πρὸς
851 273 914 362 τὴν
939 272 1077 363 ὀρθίαν,
1097 273 1128 342 τό

120 412 156 454 τε
187 382 254 452 ὑπὸ
285 390 388 451 ΧΕΔ
420 382 503 472 πρὸς
534 380 572 451 τὸ
600 379 666 450 ἀπὸ
694 388 762 449 ΕΓ
784 383 839 450 καὶ
867 407 905 450 το
935 379 1003 450 ὑπὸ
1031 386 1131 449 MK&

122 490 206 580 πρὸς
227 517 266 559 το
287 487 352 558 ἀπὸ
371 496 451 559 ΚΗ.
489 488 545 557 καί
564 487 745 574 ἀνάπαλιν,
769 485 815 568 ὥς
831 484 871 556 τὸ
890 485 957 582 ἀπὸ
978 492 1044 555 ΓΕ
1060 485 1133 574 πρὸς

121 596 160 666 τὸ
184 594 251 664 ὑπο
277 602 395 681 ΚΕΛ,
418 593 456 664 τὸ
481 592 547 663 ἀπὸ
570 601 645 662 HK
665 592 748 684 πρὸς
770 595 807 662 τὸ
833 590 900 662 ὑπὸ
927 598 1051 661 MK&
1091 588 1130 660 δι’

88 726 104 776 5
126 712 204 772 ἴσον
227 701 304 790 ἄρα,
329 699 373 781 ὡς
395 698 433 769 τὸ
457 700 523 769 ἀπὸ
544 709 611 769 ΧΕ
629 703 714 789 πρὸς
731 699 768 770 τὸ
786 698 855 793 ὑπὸ
875 707 997 785 ΧΕΔ,
1020 697 1059 768 τό
1077 695 1133 768 ἀπὸ

126 815 205 876 ΜΚ
227 806 312 896 πρὸς
339 806 377 875 τὸ
406 805 472 877 ὑπὸ
503 814 620 879 MK&
666 808 722 875 καὶ
751 804 795 888 ὡς
821 805 888 895 ἄρα
916 804 937 893 ἡ
966 813 1036 874 ΚΕ
1059 804 1135 890 πρὸς

125 923 208 1002 EA,
237 913 258 1001 ἡ
283 921 361 981 MK
386 912 469 1001 πρὸς
491 921 566 982 ΚΘ.
611 908 654 1002 ἦν
683 914 720 982 δὲ
747 919 818 999 καί,
846 910 891 992 ὡς
920 910 940 999 ἡ
965 917 1032 980 ΓΕ
1060 909 1135 998 πρὸς

125 1028 205 1106 ΕΚ,
229 1017 250 1108 ἡ
273 1025 348 1088 ΗΚ
369 1024 452 1106 πρὸς
470 1027 557 1089 ΚΜ·
596 1020 641 1089 δι’
663 1030 740 1090 ίσον
763 1019 839 1108 ἄρα,
864 1021 909 1099 ὡς
932 1016 954 1102 ἡ
974 1024 1041 1088 ΓΕ
1060 1017 1137 1104 πρὸς

125 1134 208 1213 ΕΔ,
231 1123 253 1213 ἡ
276 1132 353 1193 ΗΚ
373 1128 457 1216 πρὸς
479 1132 553 1195 ΚΘ.
595 1134 654 1196 καί
674 1132 759 1195 είσιν
783 1123 885 1214 ὀρθαὶ
909 1128 948 1194 αί
967 1123 1053 1215 πρὸς
1073 1137 1135 1205 τολς

72 1256 106 1304 10
125 1241 170 1318 Ε,
201 1238 238 1299 K
269 1238 403 1318 γωνίαι·
459 1241 514 1321 ἴση
553 1234 618 1323 ἄρα
649 1231 669 1322 ἡ
702 1233 786 1322 πρὸς
818 1238 862 1326 τῷ
895 1239 929 1300 Δ
963 1238 1072 1318 γωνία
1101 1233 1135 1319 τῇ

100 1382 109 1401 .-
124 1337 190 1408 ὑπὸ
215 1345 328 1407 ΗΘΚ.

183 1443 292 1514 Ἔστω
321 1443 341 1533 ἡ
368 1444 452 1534 τομὴ
481 1452 640 1532 ἔλλειψις,
667 1440 707 1534 ἧς
735 1446 824 1529 όὶξων
852 1444 870 1515 ὁ
895 1454 971 1514 ΑΒ.
1020 1450 1074 1513 δεῖ
1098 1445 1134 1530 δὴ

128 1553 363 1640 ἐφαπτομένην
387 1552 527 1641 ἀγαγεῖν
550 1566 607 1642 τῆς
629 1565 747 1641 τομῆς,
775 1553 847 1646 ἥτις
868 1551 953 1642 πρὸς
976 1556 1024 1644 τῷ
1047 1550 1135 1633 ἄξονι

127 1659 180 1727 ἐπὶ
207 1656 311 1729 ταύτὰ
339 1663 377 1749 τῇ
407 1664 492 1751 τομῇ
518 1670 595 1749 ἴσην
618 1667 747 1748 γωνίαν
771 1661 912 1750 περιέξει
934 1662 975 1748 τῇ
1002 1663 1134 1746 δοθείσγ

74 1787 107 1836 15
128 1763 219 1856 ὀξείᾳ
241 1771 356 1856 γωνία.
555 1754 560 1763 ’

192 1872 372 1957 γεγονέτω,
397 1873 453 1939 καὶ
477 1877 560 1940 ἔστω
584 1873 605 1962 ἡ
629 1882 703 1943 ΓΔ·
752 1878 893 1943 δοθεῖσα
915 1871 983 1961 ἄρα
1008 1866 1133 1954 έστὶνὴ

125 1972 191 2043 ὑπὸ
215 1981 284 2044 τῶν
307 1983 406 2044 ΓΔΑ
429 1984 545 2063 γωνία.
592 1979 688 2068 ἤχθω
711 1981 854 2061 κάθετος
876 1977 897 2066 ἡ
923 1983 999 2046 ΓΕ·
1046 1977 1134 2065 λόγος

128 2665 193 2755 ἄρα
215 2674 277 2738 τοῦ
301 2668 364 2739 ιἰπὸ
389 2683 446 2759 τῆς
470 2680 539 2739 ΔΕ
560 2671 644 2762 πρὸς
666 2671 703 2741 τὸ
727 2672 792 2740 ἀπὸ
811 2677 880 2740 ΕΓ
897 2676 1023 2752 δοθείς.
1061 2676 1134 2738 ἔστω

127 2776 268 2862 κέντρον
292 2790 350 2864 τῆς
372 2792 474 2866 τομῆς
497 2777 534 2849 τὸ
558 2789 604 2865 X,
633 2781 688 2847 καὶ
712 2779 897 2867 ἐπεζεύχθω
920 2777 941 2865 ἡ
965 2785 1039 2847 ΓΚ.
1083 2777 1136 2845 τοῦ

74 2899 109 2948 20
129 2877 170 2964 δὴ
199 2880 265 2948 ἇπό
293 2895 350 2969 τῆς
372 2893 437 2953 ΓΕ
462 2889 546 2973 πρὸς
572 2888 610 2954 τό
639 2884 705 2955 ὑπὸ
732 2891 801 2956 τῶν
824 2893 932 2954 ΛΕΚ
950 2885 1053 2971 λόγος
1076 2881 1136 2952 ἐστί

127 2988 258 3065 δοθείς·
305 2987 323 3055 ὁ
351 2990 416 3079 γὰρ
445 2989 547 3073 αὐτός
574 2996 644 3061 ἐστι
671 2998 716 3084 τῷ
744 3006 802 3081 τῆς
830 2993 951 3083 ὀρθίας
977 2991 1062 3079 πρὸς
1083 2989 1138 3076 τὴν

126 3097 284 3177 πλαγίαν·
307 3096 363 3161 καὶ
378 3102 440 3165 τοῦ
450 3095 514 3168 ἀπὸ
525 3113 582 3186 τῆς
592 3108 662 3167 ΔΕ
670 3100 735 3186 ἄρα
745 3102 827 3184 πρὸς
837 3099 874 3167 τὸ
885 3096 952 3167 ὑπὸ
963 3103 1032 3166 τῶν
1044 3106 1076 3166 Δ
1082 3100 1143 3165 EX

127 3196 228 3284 λόγος
251 3199 320 3266 ἐστὶ
343 3206 471 3284 δοθείς·
512 3208 568 3274 καὶ
591 3220 649 3295 τῆς
673 3214 742 3274 ΔΕ
763 3205 829 3293 όίρα
852 3205 935 3293 πρὸς
954 3213 1025 3272 ΕΚ
1044 3205 1138 3291 λόγος

127 3345 340 3355 ———-———..

135 3496 142 3517 ‹
200 3437 224 3489 4.
244 3429 327 3505 πρός]
344 3433 446 3502 om.V;
463 3451 533 3493 corr.
547 3457 574 3508 p.
634 3445 675 3494 13.
697 3433 917 3510 ἥτις]ἢτῆςΚ;
938 3454 1047 3507 comp.
1103 3439 1140 3487 16.

127 3502 376 3575 71](alt.)om.V;
398 3523 466 3564 corr.
486 3526 514 3577 p.
586 3514 631 3563 20.
650 3506 698 3581 δή]
720 3507 752 3564 δέ
772 3511 809 3579 V;
830 3528 897 3564 corr.
918 3509 1028 3579 Halley.
