<?xml version="1.0" encoding="UTF-8"?>
<!DOCTYPE html PUBLIC "-//W3C//DTD XHTML 1.0 Transitional//EN"
    "http://www.w3.org/TR/xhtml1/DTD/xhtml1-transitional.dtd">
<html xmlns="http://www.w3.org/1999/xhtml" xml:lang="en" lang="en">
 <head>
  <title>
</title>
<meta http-equiv="Content-Type" content="text/html;charset=utf-8" />
  <meta name='ocr-system' content='tesseract 3.04.00' />
  <meta name='ocr-capabilities' content='ocr_page ocr_carea ocr_par ocr_line ocrx_word'/>
</head>
<body>
  <div class='ocr_page' id='page_1' title='image "./apolloniipergae00apolgoog_0071.png"; bbox 0 0 2438 3892; ppageno 0'>
   <div class='ocr_carea' id='block_1_1' title="bbox 392 142 1088 207">
    <p class='ocr_par' dir='ltr' id='par_1_1' title="bbox 392 142 1088 207">
     <span class='ocr_line' id='line_1_1' title="bbox 392 142 1088 207; baseline 0.019 -13"><span class='ocrx_word' id='word_1_1' title='bbox 392 143 605 195; x_wconf 74' lang='lat' dir='ltr'>cornuorum</span> <span class='ocrx_word' id='word_1_2' title='bbox 622 144 732 194; x_wconf 76' lang='lat' dir='ltr'>meme</span> <span class='ocrx_word' id='word_1_3' title='bbox 749 144 770 197; x_wconf 92' lang='lat'>1.</span> <span class='ocrx_word' id='word_1_4' title='bbox 961 150 965 157; x_wconf 92' lang='lat'>·</span> <span class='ocrx_word' id='word_1_5' title='bbox 1045 142 1088 207; x_wconf 85' lang='lat'>33</span> 
     </span>
    </p>
   </div>
   <div class='ocr_carea' id='block_1_2' title="bbox 72 285 1089 372">
    <p class='ocr_par' dir='ltr' id='par_1_2' title="bbox 72 285 1089 372">
     <span class='ocr_line' id='line_1_2' title="bbox 72 285 1089 372; baseline 0 -20"><span class='ocrx_word' id='word_1_6' title='bbox 72 290 139 352; x_wconf 92' lang='grc' dir='ltr'>ΒΓ</span> <span class='ocrx_word' id='word_1_7' title='bbox 163 287 320 372; x_wconf 81' lang='lat' dir='ltr'>parallelo</span> <span class='ocrx_word' id='word_1_8' title='bbox 348 285 484 352; x_wconf 89' lang='lat' dir='ltr'>ducatur</span> <span class='ocrx_word' id='word_1_9' title='bbox 507 289 622 370; x_wconf 81' lang='grc' dir='ltr'>ΚΘΛ,</span> <span class='ocrx_word' id='word_1_10' title='bbox 650 290 757 351; x_wconf 85' lang='lat' dir='ltr'>rectae</span> <span class='ocrx_word' id='word_1_11' title='bbox 785 290 894 351; x_wconf 86' lang='lat' dir='ltr'>autem</span> <span class='ocrx_word' id='word_1_12' title='bbox 919 291 988 352; x_wconf 86' lang='grc' dir='ltr'>ΔΕ</span> <span class='ocrx_word' id='word_1_13' title='bbox 1014 309 1089 371; x_wconf 90' lang='lat' dir='ltr'>par-</span> 
     </span>
    </p>
   </div>
   <div class='ocr_carea' id='block_1_3' title="bbox 67 392 1092 2497">
    <p class='ocr_par' dir='ltr' id='par_1_3' title="bbox 69 392 1092 1520">
     <span class='ocr_line' id='line_1_3' title="bbox 72 392 1088 479; baseline 0.002 -21"><span class='ocrx_word' id='word_1_14' title='bbox 72 394 171 459; x_wconf 79' lang='lat' dir='ltr'>allelo</span> <span class='ocrx_word' id='word_1_15' title='bbox 190 396 315 479; x_wconf 72' lang='lat' dir='ltr'>Merv,</span> <span class='ocrx_word' id='word_1_16' title='bbox 337 392 447 476; x_wconf 85' lang='lat' dir='ltr'>itaque</span> <span class='ocrx_word' id='word_1_17' title='bbox 465 392 598 476; x_wconf 84' lang='lat' dir='ltr'>plenum</span> <span class='ocrx_word' id='word_1_18' title='bbox 616 397 778 457; x_wconf 85' lang='lat' dir='ltr'>rectarum</span> <span class='ocrx_word' id='word_1_19' title='bbox 797 397 831 457; x_wconf 91' lang='lat' dir='ltr'><em>K</em></span> <span class='ocrx_word' id='word_1_20' title='bbox 835 397 875 473; x_wconf 86' lang='lat' dir='ltr'>A,</span> <span class='ocrx_word' id='word_1_21' title='bbox 894 395 976 456; x_wconf 92' lang='grc' dir='ltr'>ΜΝ</span> <span class='ocrx_word' id='word_1_22' title='bbox 990 395 1088 477; x_wconf 89' lang='lat' dir='ltr'>plano</span> 
     </span>
     <span class='ocr_line' id='line_1_4' title="bbox 71 497 1090 584; baseline 0 -20"><span class='ocrx_word' id='word_1_23' title='bbox 71 505 232 565; x_wconf 86' lang='lat' dir='ltr'>rectarum</span> <span class='ocrx_word' id='word_1_24' title='bbox 253 502 321 582; x_wconf 82' lang='grc' dir='ltr'>ΒΓ,</span> <span class='ocrx_word' id='word_1_25' title='bbox 341 501 411 563; x_wconf 84' lang='grc' dir='ltr'>ΛΕ</span> <span class='ocrx_word' id='word_1_26' title='bbox 431 499 624 584; x_wconf 81' lang='lat' dir='ltr'>parallelum</span> <span class='ocrx_word' id='word_1_27' title='bbox 648 503 699 563; x_wconf 89' lang='lat' dir='ltr'>est</span> <span class='ocrx_word' id='word_1_28' title='bbox 719 497 823 579; x_wconf 76' lang='lat' dir='ltr'>[Eucl.</span> <span class='ocrx_word' id='word_1_29' title='bbox 842 498 901 583; x_wconf 93' lang='lat' dir='ltr'>XI,</span> <span class='ocrx_word' id='word_1_30' title='bbox 921 498 988 581; x_wconf 77' lang='grc'><strong>15].</strong></span> <span class='ocrx_word' id='word_1_31' title='bbox 1030 500 1090 565; x_wconf 85' lang='lat' dir='ltr'>ita·</span> 
     </span>
     <span class='ocr_line' id='line_1_5' title="bbox 72 604 1089 690; baseline 0.001 -21"><span class='ocrx_word' id='word_1_32' title='bbox 72 627 134 689; x_wconf 92' lang='lat' dir='ltr'>que</span> <span class='ocrx_word' id='word_1_33' title='bbox 152 606 285 690; x_wconf 87' lang='lat' dir='ltr'>planum</span> <span class='ocrx_word' id='word_1_34' title='bbox 304 608 460 670; x_wconf 87' lang='grc' dir='ltr'><em>ΚΛΜΝ</em></span> <span class='ocrx_word' id='word_1_35' title='bbox 477 605 614 671; x_wconf 89' lang='lat' dir='ltr'>circulus</span> <span class='ocrx_word' id='word_1_36' title='bbox 634 609 683 671; x_wconf 87' lang='lat' dir='ltr'>est</span> <span class='ocrx_word' id='word_1_37' title='bbox 703 608 807 690; x_wconf 90' lang='lat' dir='ltr'>[prop.</span> <span class='ocrx_word' id='word_1_38' title='bbox 826 604 898 687; x_wconf 87' lang='lat' dir='ltr'><strong>IV].</strong></span> <span class='ocrx_word' id='word_1_39' title='bbox 938 629 955 670; x_wconf 92' lang='lat' dir='ltr'>e</span> <span class='ocrx_word' id='word_1_40' title='bbox 989 628 1089 690; x_wconf 88' lang='lat' dir='ltr'>quon-</span> 
     </span>
     <span class='ocr_line' id='line_1_6' title="bbox 71 711 1089 797; baseline 0.003 -22"><span class='ocrx_word' id='word_1_41' title='bbox 71 711 137 776; x_wconf 86' lang='lat' dir='ltr'>iam</span> <span class='ocrx_word' id='word_1_42' title='bbox 161 717 283 796; x_wconf 84' lang='lat' dir='ltr'>puncta</span> <span class='ocrx_word' id='word_1_43' title='bbox 302 718 344 796; x_wconf 79' lang='lat' dir='ltr'>A,</span> <span class='ocrx_word' id='word_1_44' title='bbox 362 717 400 797; x_wconf 86' lang='lat' dir='ltr'>E,</span> <span class='ocrx_word' id='word_1_45' title='bbox 420 716 467 792; x_wconf 88' lang='lat' dir='ltr'>M,</span> <span class='ocrx_word' id='word_1_46' title='bbox 486 716 525 777; x_wconf 93' lang='lat' dir='ltr'><strong><em>N</em></strong></span> <span class='ocrx_word' id='word_1_47' title='bbox 543 713 578 776; x_wconf 93' lang='lat' dir='ltr'>in</span> <span class='ocrx_word' id='word_1_48' title='bbox 601 713 700 797; x_wconf 90' lang='lat' dir='ltr'>plano</span> <span class='ocrx_word' id='word_1_49' title='bbox 726 711 848 777; x_wconf 83' lang='lat' dir='ltr'>secanti</span> <span class='ocrx_word' id='word_1_50' title='bbox 868 716 952 794; x_wconf 93' lang='lat' dir='ltr'>sunt,</span> <span class='ocrx_word' id='word_1_51' title='bbox 976 734 1089 778; x_wconf 91' lang='lat' dir='ltr'>uerum</span> 
     </span>
     <span class='ocr_line' id='line_1_7' title="bbox 72 818 1088 905; baseline 0.003 -24"><span class='ocrx_word' id='word_1_52' title='bbox 72 818 173 882; x_wconf 87' lang='lat' dir='ltr'>etiam</span> <span class='ocrx_word' id='word_1_53' title='bbox 200 820 234 883; x_wconf 92' lang='lat' dir='ltr'>in</span> <span class='ocrx_word' id='word_1_54' title='bbox 263 819 432 905; x_wconf 85' lang='lat' dir='ltr'>superficie</span> <span class='ocrx_word' id='word_1_55' title='bbox 460 819 546 904; x_wconf 91' lang='lat' dir='ltr'>coni,</span> <span class='ocrx_word' id='word_1_56' title='bbox 574 820 608 883; x_wconf 91' lang='lat' dir='ltr'>in</span> <span class='ocrx_word' id='word_1_57' title='bbox 636 819 799 884; x_wconf 91' lang='lat' dir='ltr'>communi</span> <span class='ocrx_word' id='word_1_58' title='bbox 827 819 971 884; x_wconf 75' lang='lat' dir='ltr'><strong>sectione</strong></span> <span class='ocrx_word' id='word_1_59' title='bbox 1000 824 1088 903; x_wconf 81' lang='lat' dir='ltr'>sunt3</span> 
     </span>
     <span class='ocr_line' id='line_1_8' title="bbox 70 925 1086 1010; baseline 0.002 -21"><span class='ocrx_word' id='word_1_60' title='bbox 70 946 168 1008; x_wconf 89' lang='lat' dir='ltr'>quare</span> <span class='ocrx_word' id='word_1_61' title='bbox 188 929 291 990; x_wconf 85' lang='grc' dir='ltr'>ΔΖΕ</span> <span class='ocrx_word' id='word_1_62' title='bbox 313 925 352 990; x_wconf 87' lang='lat' dir='ltr'>ad</span> <span class='ocrx_word' id='word_1_63' title='bbox 376 927 497 1009; x_wconf 90' lang='lat' dir='ltr'>puncta</span> <span class='ocrx_word' id='word_1_64' title='bbox 516 929 564 1010; x_wconf 89' lang='lat' dir='ltr'>M,</span> <span class='ocrx_word' id='word_1_65' title='bbox 583 929 623 989; x_wconf 92' lang='lat' dir='ltr'><em>N</em></span> <span class='ocrx_word' id='word_1_66' title='bbox 642 925 751 991; x_wconf 87' lang='lat' dir='ltr'>creuit.</span> <span class='ocrx_word' id='word_1_67' title='bbox 793 927 905 1010; x_wconf 89' lang='lat' dir='ltr'>itaque</span> <span class='ocrx_word' id='word_1_68' title='bbox 924 931 1086 991; x_wconf 76' lang='lat' dir='ltr'>crescente</span> 
     </span>
     <span class='ocr_line' id='line_1_9' title="bbox 70 1031 1092 1117; baseline 0.003 -23"><span class='ocrx_word' id='word_1_69' title='bbox 70 1031 237 1114; x_wconf 89' lang='lat' dir='ltr'>superficie</span> <span class='ocrx_word' id='word_1_70' title='bbox 261 1031 335 1097; x_wconf 91' lang='lat' dir='ltr'>coni</span> <span class='ocrx_word' id='word_1_71' title='bbox 358 1032 519 1117; x_wconf 85' lang='lat' dir='ltr'>planoque</span> <span class='ocrx_word' id='word_1_72' title='bbox 544 1032 666 1098; x_wconf 84' lang='lat' dir='ltr'>secanti</span> <span class='ocrx_word' id='word_1_73' title='bbox 689 1033 729 1098; x_wconf 87' lang='lat' dir='ltr'>ad</span> <span class='ocrx_word' id='word_1_74' title='bbox 753 1033 910 1098; x_wconf 91' lang='lat' dir='ltr'>circulum</span> <span class='ocrx_word' id='word_1_75' title='bbox 934 1036 1092 1097; x_wconf 89' lang='grc' dir='ltr'><em>ΚΛΜΝ</em></span> 
     </span>
     <span class='ocr_line' id='line_1_10' title="bbox 71 1136 1088 1220; baseline 0.003 -21"><span class='ocrx_word' id='word_1_76' title='bbox 71 1136 168 1200; x_wconf 83' lang='lat' dir='ltr'>etiem</span> <span class='ocrx_word' id='word_1_77' title='bbox 194 1136 295 1201; x_wconf 89' lang='lat' dir='ltr'>sectio</span> <span class='ocrx_word' id='word_1_78' title='bbox 319 1139 423 1200; x_wconf 85' lang='grc' dir='ltr'>ΔΖΕ</span> <span class='ocrx_word' id='word_1_79' title='bbox 444 1136 485 1200; x_wconf 85' lang='lat' dir='ltr'>ud</span> <span class='ocrx_word' id='word_1_80' title='bbox 508 1141 629 1220; x_wconf 83' lang='lat' dir='ltr'>punctu</span> <span class='ocrx_word' id='word_1_81' title='bbox 652 1141 700 1217; x_wconf 91' lang='lat' dir='ltr'>M,</span> <span class='ocrx_word' id='word_1_82' title='bbox 723 1142 762 1203; x_wconf 93' lang='lat' dir='ltr'><strong><em>N</em></strong></span> <span class='ocrx_word' id='word_1_83' title='bbox 780 1139 890 1212; x_wconf 86' lang='lat' dir='ltr'>creuit.</span> <span class='ocrx_word' id='word_1_84' title='bbox 937 1137 1088 1203; x_wconf 89' lang='lat' dir='ltr'>similiter</span> 
     </span>
     <span class='ocr_line' id='line_1_11' title="bbox 69 1242 1086 1329; baseline 0.002 -23"><span class='ocrx_word' id='word_1_85' title='bbox 69 1243 172 1327; x_wconf 83' lang='lat' dir='ltr'>igitur</span> <span class='ocrx_word' id='word_1_86' title='bbox 191 1242 495 1327; x_wconf 77' lang='lat' dir='ltr'>demonstrabimus,</span> <span class='ocrx_word' id='word_1_87' title='bbox 514 1243 541 1306; x_wconf 94' lang='lat' dir='ltr'>si</span> <span class='ocrx_word' id='word_1_88' title='bbox 561 1246 593 1307; x_wconf 94' lang='lat' dir='ltr'>et</span> <span class='ocrx_word' id='word_1_89' title='bbox 612 1243 797 1327; x_wconf 86' lang='lat' dir='ltr'>superficies</span> <span class='ocrx_word' id='word_1_90' title='bbox 816 1245 889 1310; x_wconf 88' lang='lat' dir='ltr'>coni</span> <span class='ocrx_word' id='word_1_91' title='bbox 908 1247 941 1309; x_wconf 93' lang='lat' dir='ltr'>et</span> <span class='ocrx_word' id='word_1_92' title='bbox 953 1245 1086 1329; x_wconf 87' lang='lat' dir='ltr'>planum</span> 
     </span>
     <span class='ocr_line' id='line_1_12' title="bbox 71 1347 1086 1432; baseline 0.003 -19"><span class='ocrx_word' id='word_1_93' title='bbox 71 1370 184 1414; x_wconf 89' lang='lat' dir='ltr'>secane</span> <span class='ocrx_word' id='word_1_94' title='bbox 225 1349 259 1413; x_wconf 90' lang='lat' dir='ltr'>in</span> <span class='ocrx_word' id='word_1_95' title='bbox 296 1347 459 1413; x_wconf 88' lang='lat' dir='ltr'>infinitum</span> <span class='ocrx_word' id='word_1_96' title='bbox 495 1349 732 1432; x_wconf 88' lang='lat' dir='ltr'>producantur,</span> <span class='ocrx_word' id='word_1_97' title='bbox 774 1350 871 1413; x_wconf 87' lang='lat' dir='ltr'>etiam</span> <span class='ocrx_word' id='word_1_98' title='bbox 909 1351 1086 1416; x_wconf 71' lang='lat' dir='ltr'>sectionem</span> 
     </span>
     <span class='ocr_line' id='line_1_13' title="bbox 71 1454 677 1520; baseline 0.002 -2"><span class='ocrx_word' id='word_1_99' title='bbox 71 1458 260 1520; x_wconf 82' lang='lat' dir='ltr'><strong><em>MAZEN</em></strong></span> <span class='ocrx_word' id='word_1_100' title='bbox 278 1454 314 1520; x_wconf 92' lang='lat' dir='ltr'>in</span> <span class='ocrx_word' id='word_1_101' title='bbox 336 1454 499 1519; x_wconf 89' lang='lat' dir='ltr'>infinitum</span> <span class='ocrx_word' id='word_1_102' title='bbox 524 1476 677 1520; x_wconf 85' lang='lat' dir='ltr'>crescere.</span> 
     </span>
    </p>

    <p class='ocr_par' dir='ltr' id='par_1_4' title="bbox 67 1560 1087 2497">
     <span class='ocr_line' id='line_1_14' title="bbox 137 1560 1087 1645; baseline 0.001 -20"><span class='ocrx_word' id='word_1_103' title='bbox 137 1566 169 1626; x_wconf 90' lang='lat' dir='ltr'>et</span> <span class='ocrx_word' id='word_1_104' title='bbox 197 1561 406 1626; x_wconf 85' lang='lat' dir='ltr'>manifestum</span> <span class='ocrx_word' id='word_1_105' title='bbox 435 1565 498 1643; x_wconf 89' lang='lat' dir='ltr'>est,</span> <span class='ocrx_word' id='word_1_106' title='bbox 526 1566 651 1627; x_wconf 86' lang='lat' dir='ltr'>rectam</span> <span class='ocrx_word' id='word_1_107' title='bbox 679 1560 845 1645; x_wconf 85' lang='lat' dir='ltr'>quandam</span> <span class='ocrx_word' id='word_1_108' title='bbox 873 1584 893 1626; x_wconf 87' lang='lat' dir='ltr'>a</span> <span class='ocrx_word' id='word_1_109' title='bbox 916 1565 977 1626; x_wconf 85' lang='grc' dir='ltr'>ΖΘ</span> <span class='ocrx_word' id='word_1_110' title='bbox 999 1566 1087 1627; x_wconf 87' lang='lat' dir='ltr'>recta</span> 
     </span>
     <span class='ocr_line' id='line_1_15' title="bbox 70 1666 1086 1753; baseline -0.002 -19"><span class='ocrx_word' id='word_1_111' title='bbox 70 1670 110 1734; x_wconf 85' lang='lat' dir='ltr'>ed</span> <span class='ocrx_word' id='word_1_112' title='bbox 138 1672 164 1732; x_wconf 92' lang='lat' dir='ltr'>Z</span> <span class='ocrx_word' id='word_1_113' title='bbox 192 1671 348 1753; x_wconf 90' lang='lat' dir='ltr'>punctum</span> <span class='ocrx_word' id='word_1_114' title='bbox 377 1670 499 1733; x_wconf 88' lang='lat' dir='ltr'>rectam</span> <span class='ocrx_word' id='word_1_115' title='bbox 528 1667 630 1732; x_wconf 88' lang='lat' dir='ltr'>cuiuis</span> <span class='ocrx_word' id='word_1_116' title='bbox 660 1666 754 1732; x_wconf 89' lang='lat' dir='ltr'>datae</span> <span class='ocrx_word' id='word_1_117' title='bbox 781 1670 890 1731; x_wconf 88' lang='lat' dir='ltr'>rectae</span> <span class='ocrx_word' id='word_1_118' title='bbox 919 1668 1086 1752; x_wconf 87' lang='lat' dir='ltr'>aequalem</span> 
     </span>
     <span class='ocr_line' id='line_1_16' title="bbox 69 1752 1086 1858; baseline 0.001 -19"><span class='ocrx_word' id='word_1_119' title='bbox 69 1775 268 1840; x_wconf 81' lang='lat' dir='ltr'>abscisurum</span> <span class='ocrx_word' id='word_1_120' title='bbox 298 1795 375 1839; x_wconf 89' lang='lat' dir='ltr'>esse.</span> <span class='ocrx_word' id='word_1_121' title='bbox 421 1795 497 1839; x_wconf 90' lang='lat' dir='ltr'>nam</span> <span class='ocrx_word' id='word_1_122' title='bbox 526 1752 555 1839; x_wconf 76' lang='lat' dir='ltr'>si</span> <span class='ocrx_word' id='word_1_123' title='bbox 579 1773 642 1848; x_wconf 74' lang='grc' dir='ltr'>ΖΞ</span> <span class='ocrx_word' id='word_1_124' title='bbox 667 1778 775 1838; x_wconf 84' lang='lat' dir='ltr'>rectae</span> <span class='ocrx_word' id='word_1_125' title='bbox 799 1773 894 1838; x_wconf 88' lang='lat' dir='ltr'>datae</span> <span class='ocrx_word' id='word_1_126' title='bbox 918 1776 1086 1858; x_wconf 84' lang='lat' dir='ltr'>aequalem</span> 
     </span>
     <span class='ocr_line' id='line_1_17' title="bbox 68 1879 1084 1966; baseline -0.002 -20"><span class='ocrx_word' id='word_1_127' title='bbox 68 1881 218 1964; x_wconf 90' lang='lat' dir='ltr'>ponimus</span> <span class='ocrx_word' id='word_1_128' title='bbox 237 1884 271 1944; x_wconf 86' lang='lat' dir='ltr'>et</span> <span class='ocrx_word' id='word_1_129' title='bbox 289 1903 347 1965; x_wconf 90' lang='lat' dir='ltr'>per</span> <span class='ocrx_word' id='word_1_130' title='bbox 365 1879 395 1954; x_wconf 69' lang='grc' dir='ltr'><em>Ξ</em></span> <span class='ocrx_word' id='word_1_131' title='bbox 411 1885 518 1946; x_wconf 83' lang='lat' dir='ltr'>rectae</span> <span class='ocrx_word' id='word_1_132' title='bbox 537 1886 571 1945; x_wconf 90' lang='grc' dir='ltr'><em>Δ</em></span> <span class='ocrx_word' id='word_1_133' title='bbox 577 1884 607 1945; x_wconf 85' lang='grc' dir='ltr'><em>Ε</em></span> <span class='ocrx_word' id='word_1_134' title='bbox 624 1881 814 1966; x_wconf 77' lang='lat' dir='ltr'>parallelum</span> <span class='ocrx_word' id='word_1_135' title='bbox 834 1880 991 1966; x_wconf 85' lang='lat' dir='ltr'>ducimus,</span> <span class='ocrx_word' id='word_1_136' title='bbox 1012 1902 1084 1946; x_wconf 88' lang='lat' dir='ltr'>oum</span> 
     </span>
     <span class='ocr_line' id='line_1_18' title="bbox 69 1987 1084 2072; baseline 0 -21"><span class='ocrx_word' id='word_1_137' title='bbox 69 1987 211 2052; x_wconf 87' lang='lat' dir='ltr'>sectione</span> <span class='ocrx_word' id='word_1_138' title='bbox 240 1991 421 2070; x_wconf 86' lang='lat' dir='ltr'>concurret,</span> <span class='ocrx_word' id='word_1_139' title='bbox 449 1987 531 2052; x_wconf 89' lang='lat' dir='ltr'>sicut</span> <span class='ocrx_word' id='word_1_140' title='bbox 555 1987 652 2052; x_wconf 88' lang='lat' dir='ltr'>etiam</span> <span class='ocrx_word' id='word_1_141' title='bbox 676 1992 798 2052; x_wconf 88' lang='lat' dir='ltr'>rectam</span> <span class='ocrx_word' id='word_1_142' title='bbox 821 2010 879 2072; x_wconf 91' lang='lat' dir='ltr'>per</span> <span class='ocrx_word' id='word_1_143' title='bbox 903 1987 1084 2053; x_wconf 77' lang='lat' dir='ltr'>eductam</span> 
     </span>
     <span class='ocr_line' id='line_1_19' title="bbox 68 2092 1085 2178; baseline 0.003 -22"><span class='ocrx_word' id='word_1_144' title='bbox 68 2115 142 2157; x_wconf 91' lang='lat' dir='ltr'>cum</span> <span class='ocrx_word' id='word_1_145' title='bbox 175 2092 317 2157; x_wconf 89' lang='lat' dir='ltr'>sectione</span> <span class='ocrx_word' id='word_1_146' title='bbox 348 2094 383 2157; x_wconf 90' lang='lat' dir='ltr'>in</span> <span class='ocrx_word' id='word_1_147' title='bbox 415 2093 544 2178; x_wconf 88' lang='lat' dir='ltr'>punctis</span> <span class='ocrx_word' id='word_1_148' title='bbox 577 2098 633 2174; x_wconf 83' lang='lat' dir='ltr'>M,</span> <span class='ocrx_word' id='word_1_149' title='bbox 666 2098 705 2158; x_wconf 93' lang='lat' dir='ltr'><strong><em>N</em></strong></span> <span class='ocrx_word' id='word_1_150' title='bbox 734 2115 923 2160; x_wconf 88' lang='lat' dir='ltr'>concurrere</span> <span class='ocrx_word' id='word_1_151' title='bbox 955 2094 1085 2159; x_wconf 91' lang='lat' dir='ltr'>demon·</span> 
     </span>
     <span class='ocr_line' id='line_1_20' title="bbox 68 2198 1084 2285; baseline 0.002 -23"><span class='ocrx_word' id='word_1_152' title='bbox 68 2198 253 2264; x_wconf 88' lang='lat' dir='ltr'>strauimus.</span> <span class='ocrx_word' id='word_1_153' title='bbox 307 2220 385 2285; x_wconf 83' lang='lat' dir='ltr'>ergo</span> <span class='ocrx_word' id='word_1_154' title='bbox 417 2203 505 2264; x_wconf 89' lang='lat' dir='ltr'>recta</span> <span class='ocrx_word' id='word_1_155' title='bbox 537 2200 694 2285; x_wconf 88' lang='lat' dir='ltr'>quaedam</span> <span class='ocrx_word' id='word_1_156' title='bbox 728 2221 801 2265; x_wconf 90' lang='lat' dir='ltr'>cum</span> <span class='ocrx_word' id='word_1_157' title='bbox 834 2200 977 2265; x_wconf 87' lang='lat' dir='ltr'>sectione</span> <span class='ocrx_word' id='word_1_158' title='bbox 1010 2221 1084 2264; x_wconf 92' lang='lat' dir='ltr'>con·</span> 
     </span>
     <span class='ocr_line' id='line_1_21' title="bbox 67 2306 1083 2390; baseline 0.002 -20"><span class='ocrx_word' id='word_1_159' title='bbox 67 2328 199 2371; x_wconf 88' lang='lat' dir='ltr'>currens</span> <span class='ocrx_word' id='word_1_160' title='bbox 228 2310 335 2372; x_wconf 85' lang='lat' dir='ltr'>rectae</span> <span class='ocrx_word' id='word_1_161' title='bbox 359 2311 431 2370; x_wconf 83' lang='grc' dir='ltr'>ΛΕ</span> <span class='ocrx_word' id='word_1_162' title='bbox 454 2306 611 2390; x_wconf 77' lang='lat' dir='ltr'>parallelo</span> <span class='ocrx_word' id='word_1_163' title='bbox 634 2306 774 2390; x_wconf 87' lang='lat' dir='ltr'>ducitur,</span> <span class='ocrx_word' id='word_1_164' title='bbox 802 2328 884 2390; x_wconf 88' lang='lat' dir='ltr'>quae</span> <span class='ocrx_word' id='word_1_165' title='bbox 908 2329 927 2371; x_wconf 85' lang='lat' dir='ltr'>u</span> <span class='ocrx_word' id='word_1_166' title='bbox 952 2311 1020 2371; x_wconf 90' lang='grc' dir='ltr'>ΖΗ</span> <span class='ocrx_word' id='word_1_167' title='bbox 1043 2307 1083 2372; x_wconf 89' lang='lat' dir='ltr'>ad</span> 
     </span>
     <span class='ocr_line' id='line_1_22' title="bbox 67 2413 931 2497; baseline -0.001 -21"><span class='ocrx_word' id='word_1_168' title='bbox 67 2416 225 2495; x_wconf 90' lang='lat' dir='ltr'>punctum</span> <span class='ocrx_word' id='word_1_169' title='bbox 249 2416 277 2476; x_wconf 94' lang='lat' dir='ltr'>Z</span> <span class='ocrx_word' id='word_1_170' title='bbox 299 2414 421 2478; x_wconf 89' lang='lat' dir='ltr'>rectam</span> <span class='ocrx_word' id='word_1_171' title='bbox 445 2413 539 2477; x_wconf 84' lang='lat' dir='ltr'>datae</span> <span class='ocrx_word' id='word_1_172' title='bbox 563 2414 730 2497; x_wconf 85' lang='lat' dir='ltr'>aequalem</span> <span class='ocrx_word' id='word_1_173' title='bbox 755 2413 931 2478; x_wconf 84' lang='lat' dir='ltr'>abscindat.</span> 
     </span>
    </p>
   </div>
   <div class='ocr_carea' id='block_1_4' title="bbox 546 2607 602 2674">
    <p class='ocr_par' dir='ltr' id='par_1_5' title="bbox 546 2607 602 2674">
     <span class='ocr_line' id='line_1_23' title="bbox 546 2607 602 2674; baseline -0.036 0"><span class='ocrx_word' id='word_1_174' title='bbox 546 2607 602 2674; x_wconf 80' lang='lat' dir='ltr'>IX.</span> 
     </span>
    </p>
   </div>
   <div class='ocr_carea' id='block_1_5' title="bbox 64 2728 1083 3448">
    <p class='ocr_par' dir='ltr' id='par_1_6' title="bbox 67 2728 1083 3028">
     <span class='ocr_line' id='line_1_24' title="bbox 135 2728 1082 2815; baseline 0 -20"><span class='ocrx_word' id='word_1_175' title='bbox 135 2728 169 2795; x_wconf 84' lang='lat' dir='ltr'>si</span> <span class='ocrx_word' id='word_1_176' title='bbox 198 2752 298 2796; x_wconf 87' lang='lat' dir='ltr'>conns</span> <span class='ocrx_word' id='word_1_177' title='bbox 325 2731 424 2814; x_wconf 89' lang='lat' dir='ltr'>plano</span> <span class='ocrx_word' id='word_1_178' title='bbox 449 2734 577 2797; x_wconf 88' lang='lat' dir='ltr'>secatur</span> <span class='ocrx_word' id='word_1_179' title='bbox 601 2753 673 2795; x_wconf 87' lang='lat' dir='ltr'>cum</span> <span class='ocrx_word' id='word_1_180' title='bbox 697 2733 834 2815; x_wconf 90' lang='lat' dir='ltr'>utroque</span> <span class='ocrx_word' id='word_1_181' title='bbox 857 2730 959 2794; x_wconf 88' lang='lat' dir='ltr'>latere</span> <span class='ocrx_word' id='word_1_182' title='bbox 982 2731 1082 2795; x_wconf 88' lang='lat' dir='ltr'>trian-</span> 
     </span>
     <span class='ocr_line' id='line_1_25' title="bbox 67 2836 1083 2923; baseline -0.001 -21"><span class='ocrx_word' id='word_1_183' title='bbox 67 2837 135 2922; x_wconf 81' lang='lat' dir='ltr'>guli</span> <span class='ocrx_word' id='word_1_184' title='bbox 158 2859 216 2923; x_wconf 88' lang='lat' dir='ltr'>per</span> <span class='ocrx_word' id='word_1_185' title='bbox 240 2859 332 2902; x_wconf 85' lang='lat' dir='ltr'>axem</span> <span class='ocrx_word' id='word_1_186' title='bbox 355 2837 457 2921; x_wconf 89' lang='lat' dir='ltr'>positi</span> <span class='ocrx_word' id='word_1_187' title='bbox 481 2836 695 2918; x_wconf 87' lang='lat' dir='ltr'>concurrenti,</span> <span class='ocrx_word' id='word_1_188' title='bbox 718 2838 773 2901; x_wconf 92' lang='lat' dir='ltr'>sed</span> <span class='ocrx_word' id='word_1_189' title='bbox 797 2857 900 2920; x_wconf 89' lang='lat' dir='ltr'>neque</span> <span class='ocrx_word' id='word_1_190' title='bbox 918 2836 990 2901; x_wconf 87' lang='lat' dir='ltr'>basi</span> <span class='ocrx_word' id='word_1_191' title='bbox 1008 2859 1083 2923; x_wconf 88' lang='lat' dir='ltr'>par-</span> 
     </span>
     <span class='ocr_line' id='line_1_26' title="bbox 67 2941 1082 3028; baseline 0.002 -22"><span class='ocrx_word' id='word_1_192' title='bbox 67 2943 163 3007; x_wconf 87' lang='lat' dir='ltr'>allelo</span> <span class='ocrx_word' id='word_1_193' title='bbox 182 2965 286 3028; x_wconf 91' lang='lat' dir='ltr'>neque</span> <span class='ocrx_word' id='word_1_194' title='bbox 306 2942 506 3008; x_wconf 89' lang='lat' dir='ltr'>econtrario</span> <span class='ocrx_word' id='word_1_195' title='bbox 526 2941 633 3025; x_wconf 88' lang='lat' dir='ltr'>ducto,</span> <span class='ocrx_word' id='word_1_196' title='bbox 654 2941 754 3006; x_wconf 90' lang='lat' dir='ltr'>sectio</span> <span class='ocrx_word' id='word_1_197' title='bbox 774 2941 912 3007; x_wconf 87' lang='lat' dir='ltr'>circulus</span> <span class='ocrx_word' id='word_1_198' title='bbox 931 2964 998 3007; x_wconf 92' lang='lat' dir='ltr'>non</span> <span class='ocrx_word' id='word_1_199' title='bbox 1012 2945 1082 3008; x_wconf 90' lang='lat' dir='ltr'>erit.</span> 
     </span>
    </p>

    <p class='ocr_par' dir='ltr' id='par_1_7' title="bbox 64 3047 1082 3448">
     <span class='ocr_line' id='line_1_27' title="bbox 134 3047 1082 3132; baseline 0.003 -21"><span class='ocrx_word' id='word_1_200' title='bbox 134 3048 178 3112; x_wconf 87' lang='lat' dir='ltr'>sit</span> <span class='ocrx_word' id='word_1_201' title='bbox 196 3070 306 3132; x_wconf 92' lang='lat' dir='ltr'>conus,</span> <span class='ocrx_word' id='word_1_202' title='bbox 329 3050 419 3114; x_wconf 89' lang='lat' dir='ltr'>cuius</span> <span class='ocrx_word' id='word_1_203' title='bbox 438 3052 549 3114; x_wconf 87' lang='lat' dir='ltr'>uertex</span> <span class='ocrx_word' id='word_1_204' title='bbox 570 3048 614 3113; x_wconf 87' lang='lat' dir='ltr'>sit</span> <span class='ocrx_word' id='word_1_205' title='bbox 632 3055 664 3112; x_wconf 88' lang='lat' dir='ltr'><em>A</em></span> <span class='ocrx_word' id='word_1_206' title='bbox 682 3051 847 3132; x_wconf 90' lang='lat' dir='ltr'>punctum,</span> <span class='ocrx_word' id='word_1_207' title='bbox 866 3047 953 3114; x_wconf 86' lang='lat' dir='ltr'>basis</span> <span class='ocrx_word' id='word_1_208' title='bbox 974 3053 1082 3114; x_wconf 87' lang='lat' dir='ltr'>autem</span> 
     </span>
     <span class='ocr_line' id='line_1_28' title="bbox 64 3154 1082 3239; baseline 0.002 -20"><span class='ocrx_word' id='word_1_209' title='bbox 64 3155 205 3220; x_wconf 90' lang='lat' dir='ltr'>circulus</span> <span class='ocrx_word' id='word_1_210' title='bbox 234 3158 309 3238; x_wconf 87' lang='grc' dir='ltr'>ΒΓ,</span> <span class='ocrx_word' id='word_1_211' title='bbox 341 3159 373 3220; x_wconf 92' lang='lat' dir='ltr'>et</span> <span class='ocrx_word' id='word_1_212' title='bbox 406 3159 532 3221; x_wconf 86' lang='lat' dir='ltr'>secetur</span> <span class='ocrx_word' id='word_1_213' title='bbox 563 3154 661 3238; x_wconf 85' lang='lat' dir='ltr'>pleno</span> <span class='ocrx_word' id='word_1_214' title='bbox 694 3177 798 3239; x_wconf 89' lang='lat' dir='ltr'>neque</span> <span class='ocrx_word' id='word_1_215' title='bbox 826 3155 899 3219; x_wconf 88' lang='lat' dir='ltr'>basi</span> <span class='ocrx_word' id='word_1_216' title='bbox 925 3156 1082 3238; x_wconf 82' lang='lat' dir='ltr'>parallelo</span> 
     </span>
     <span class='ocr_line' id='line_1_29' title="bbox 65 3261 1081 3346; baseline -0.001 -20"><span class='ocrx_word' id='word_1_217' title='bbox 65 3283 170 3345; x_wconf 89' lang='lat' dir='ltr'>neque</span> <span class='ocrx_word' id='word_1_218' title='bbox 194 3282 211 3325; x_wconf 93' lang='lat' dir='ltr'>e</span> <span class='ocrx_word' id='word_1_219' title='bbox 235 3262 396 3327; x_wconf 88' lang='lat' dir='ltr'>contrario</span> <span class='ocrx_word' id='word_1_220' title='bbox 420 3261 536 3345; x_wconf 89' lang='lat' dir='ltr'>posito,</span> <span class='ocrx_word' id='word_1_221' title='bbox 560 3261 646 3346; x_wconf 92' lang='lat' dir='ltr'>quod</span> <span class='ocrx_word' id='word_1_222' title='bbox 665 3261 699 3325; x_wconf 90' lang='lat' dir='ltr'>in</span> <span class='ocrx_word' id='word_1_223' title='bbox 718 3261 885 3344; x_wconf 89' lang='lat' dir='ltr'>superficie</span> <span class='ocrx_word' id='word_1_224' title='bbox 906 3261 1081 3327; x_wconf 90' lang='lat' dir='ltr'>sectionem</span> 
     </span>
     <span class='ocr_line' id='line_1_30' title="bbox 65 3367 1082 3448; baseline 0.001 -17"><span class='ocrx_word' id='word_1_225' title='bbox 65 3367 186 3432; x_wconf 86' lang='lat' dir='ltr'>efficiat</span> <span class='ocrx_word' id='word_1_226' title='bbox 213 3367 333 3432; x_wconf 84' lang='lat' dir='ltr'>lineam</span> <span class='ocrx_word' id='word_1_227' title='bbox 362 3371 476 3432; x_wconf 83' lang='lat' dir='ltr'><em>AKE.</em></span> <span class='ocrx_word' id='word_1_228' title='bbox 526 3368 609 3448; x_wconf 83' lang='lat' dir='ltr'>dico,</span> <span class='ocrx_word' id='word_1_229' title='bbox 641 3369 762 3433; x_wconf 90' lang='lat' dir='ltr'>lineam</span> <span class='ocrx_word' id='word_1_230' title='bbox 792 3371 900 3432; x_wconf 87' lang='grc' dir='ltr'>ΛΚΕ</span> <span class='ocrx_word' id='word_1_231' title='bbox 926 3369 1082 3433; x_wconf 88' lang='lat' dir='ltr'>circulum</span> 
     </span>
    </p>
   </div>
   <div class='ocr_carea' id='block_1_6' title="bbox 64 3496 921 3640">
    <p class='ocr_par' dir='ltr' id='par_1_8' title="bbox 64 3496 921 3640">
     <span class='ocr_line' id='line_1_31' title="bbox 64 3496 234 3541; baseline -0.018 0"><span class='ocrx_word' id='word_1_232' title='bbox 64 3497 132 3541; x_wconf 86' lang='lat' dir='ltr'>non</span> <span class='ocrx_word' id='word_1_233' title='bbox 155 3496 234 3539; x_wconf 73' lang='lat'><strong>0880.</strong></span> 
     </span>
     <span class='ocr_line' id='line_1_32' title="bbox 119 3584 921 3640; baseline 0.006 -14"><span class='ocrx_word' id='word_1_234' title='bbox 119 3586 484 3640; x_wconf 73' lang='lat' dir='ltr'>Apollon1u=,eo.Helber3.</span> <span class='ocrx_word' id='word_1_235' title='bbox 906 3584 921 3631; x_wconf 84' lang='lat'><strong>3</strong></span> 
     </span>
    </p>
   </div>
   <div class='ocr_carea' id='block_1_7' title="bbox 0 0 1224 3892">
    <p class='ocr_par' dir='ltr' id='par_1_9' title="bbox 0 0 1224 3892">
     <span class='ocr_line' id='line_1_33' title="bbox 0 0 1224 3892; baseline 0 2"><span class='ocrx_word' id='word_1_236' title='bbox 0 0 1224 3892; x_wconf 95' lang='lat' dir='ltr'> </span> 
     </span>
    </p>
   </div>
  </div>
 </body>
</html>
