2438 3892
381 175 595 227 CONIOORUM
613 177 721 226 LIBER
738 177 760 228 1.
1038 175 1078 240 11

128 339 206 382 nam
230 318 257 380 si
279 316 351 382 fieri
373 321 492 402 potest,
513 339 555 382 ne
579 318 629 401 sit,
653 322 686 382 et
704 322 737 381 A
743 322 773 383 E
796 319 839 383 sit
860 323 947 384 recta
971 341 1079 404 super·

63 423 169 488 ficiem
193 423 387 508 describens,
411 423 549 488 circulus
570 428 687 507 autem,
709 446 767 508 per
786 446 881 508 quem
900 425 1012 510 fertur,
1036 427 1080 491 sit

64 533 134 593 ΕΖ.
185 530 308 613 itaque,
341 530 369 594 si
400 533 553 594 manente
585 533 705 613 puncto
738 536 772 595 A
803 535 892 596 rectu
923 535 993 595 ΔΕ
1022 553 1080 616 per

63 636 222 700 ambitum
254 635 367 700 circuli
399 639 462 700 ΕΖ
494 636 609 719 fertur,
642 636 741 700 etiam
772 659 830 720 per
862 641 1018 720 puuctum
1051 642 1079 702 B

65 743 182 821 ueniet,
202 746 235 806 et
253 741 334 808 duae
352 745 459 807 rectae
475 742 605 807 eosdem
619 743 776 807 terminos
791 743 972 827 habebunt3
994 745 1079 829 quod

61 847 131 913 fieri
154 871 221 914 uon
242 847 360 932 potest.
1141 924 1144 930 ,

128 969 205 1041 ergo
234 955 305 1021 fieri
333 978 400 1022 non
422 959 546 1040 potest,
574 959 612 1020 ut
633 958 720 1020 recta
744 956 784 1020 ab
809 962 842 1020 A
866 957 906 1020 ad
930 960 959 1020 Β
983 956 1079 1022 ductu

60 1061 94 1125 in
117 1061 286 1146 superficie
309 1084 375 1126 nou
399 1062 450 1126 sit.
496 1082 572 1146 ergo
598 1065 647 1127 est
668 1062 703 1125 iu
727 1063 904 1146 superficie.

434 1235 704 1304 Corollarium.

128 1365 161 1426 eb
180 1361 389 1426 manifestum
408 1369 466 1444 est,
488 1361 516 1424 si
535 1363 693 1426 auertiue
713 1362 753 1426 ad
772 1367 927 1447 punctum
948 1364 1077 1450 aliquod

60 1489 180 1551 eorum,
200 1488 281 1551 quae
301 1468 389 1532 intra
407 1466 613 1551 superficiem
633 1471 718 1553 sunt,
735 1470 825 1532 reeta
842 1468 988 1551 dueatur,
1007 1491 1077 1534 eum

59 1574 144 1638 intra
167 1574 370 1657 superficiem
393 1574 538 1638 conicum
563 1595 711 1639 casuram
735 1596 818 1657 esse,
845 1579 878 1639 et
901 1576 929 1638 si
953 1577 994 1640 ad
1018 1577 1078 1640 ali-

61 1680 146 1764 quod
174 1702 284 1746 eorum
313 1680 461 1760 ducatur,
496 1701 578 1763 quae
607 1683 699 1745 extra
726 1683 817 1765 suut,
846 1685 939 1747 exdra
968 1704 1076 1767 super·

59 1787 163 1852 ficiem
187 1809 345 1852 casuram.

546 1892 587 1958 ΙΙ.

127 2017 162 2083 Si
185 2018 219 2081 iu
242 2017 397 2082 utralibet
420 2016 589 2101 superficie
613 2039 735 2103 earum,
759 2040 841 2102 quae
861 2019 901 2083 ad
920 2020 1076 2084 uerticem

59 2124 146 2188 inter
170 2146 203 2189 se
226 2123 352 2208 positae
376 2128 465 2205 sunt,
489 2122 551 2189 duo
575 2128 698 2208 puncta
721 2129 906 2209 sumuntur,
930 2129 963 2190 et
985 2129 1076 2192 reeta

58 2234 180 2313 puncta
207 2230 265 2295 illa
293 2229 490 2315 coniungens
520 2231 560 2295 ad
588 2231 742 2296 uerticem
770 2253 835 2296 non
859 2232 959 2316 uadit,
987 2233 1076 2297 intra

59 2335 263 2420 superficiem
287 2337 388 2421 cadet,
410 2337 567 2420 producta
589 2358 667 2402 uero
691 2338 725 2401 in
749 2337 906 2403 directum
930 2342 1030 2403 extra.
1079 2360 1084 2378 ¹

125 2444 168 2508 su
192 2444 379 2528 superficies
403 2442 528 2526 conica,
553 2443 643 2508 euius
666 2447 779 2507 uertex
802 2445 846 2507 sit
869 2451 909 2525 A,
936 2445 1075 2508 circulus

58 2553 179 2633 autem,
207 2571 265 2633 per
293 2571 389 2633 quem
419 2551 508 2614 reeta
533 2549 734 2632 superficiem
758 2548 941 2614 describens
965 2549 1076 2634 fertur,

59 2657 103 2719 sit
120 2659 191 2740 ΒΓ,
214 2660 248 2721 et
270 2656 304 2720 in
327 2655 482 2720 utralibet
506 2656 674 2739 superficie
699 2677 819 2739 earum,
832 2678 925 2740 quae
944 2656 985 2720 ad
1003 2679 1076 2721 uer-

57 2761 155 2826 ticem
184 2765 261 2827 sunt
288 2762 375 2825 inber
404 2783 452 2842 se,
481 2761 544 2825 duo
567 2763 689 2844 puncta
713 2765 884 2827 sumantur
908 2767 949 2842 A,
973 2767 1015 2845 E,
1043 2768 1075 2827 et

58 2866 155 2933 ducta
179 2872 249 2932 ΔΕ
274 2890 314 2933 ne
338 2868 433 2932 eadat
457 2865 497 2930 ad
520 2870 674 2950 puuctum
701 2872 741 2930 A.
787 2868 871 2953 dico,
899 2872 969 2933 ΔΕ
990 2870 1075 2933 intra

57 2973 258 3057 superficiem
283 2995 366 3052 esse,
388 2972 581 3056 productam
605 2974 714 3036 autem
737 2971 950 3040 indirectum
975 2979 1074 3040 extra.

125 3078 283 3143 ducantur
305 3082 385 3162 ΑΕ,
413 3084 445 3142 A
452 3083 485 3142 A
512 3081 545 3141 et
572 3077 806 3162 producantur3
835 3080 951 3144 cudent
973 3081 1074 3166 igitur

57 3184 98 3249 ad
118 3185 278 3248 ambitum
296 3185 409 3249 circuli
428 3186 533 3268 [prop.
553 3183 593 3264 I].
630 3184 747 3250 uadan’n
767 3186 801 3249 in
820 3189 908 3270 Β,Γ,
928 3197 960 3251 et
979 3188 1073 3252 duca·

56 3294 112 3354 dur
134 3294 209 3375 ΒΓ;
238 3292 305 3354 ΒΓ
327 3290 428 3374 igitur
455 3292 543 3355 indra
571 3290 728 3355 circulum
752 3292 825 3376 erit3
854 3315 951 3377 quare
975 3295 1074 3359 etiam

56 3397 146 3462 intra
171 3397 373 3482 superficiem
392 3400 547 3462 conicum.
588 3398 706 3462 iamin
724 3402 757 3461 A
763 3403 794 3462 E
811 3403 958 3464 sumadur
977 3421 1073 3484 punc·

55 3506 126 3568 tum
151 3503 283 3587 aliquod
304 3507 340 3587 Z,
364 3507 397 3567 et
420 3503 517 3568 ducta
535 3507 600 3567 AZ
623 3504 832 3588 producatur3
858 3505 951 3570 cadet
972 3506 1074 3590 igitur
