2438 3892
122 127 189 191 274
520 124 688 178 mmm
707 122 746 197 μ’.

122 275 250 353 ΜΡΝ,
278 267 316 336 τὸ
347 265 385 334 δὲ
412 263 478 335 ἄπὸ
502 272 573 332 ΛΣ
601 267 646 356 τῷ
669 261 735 332 ὑπὸ
760 271 886 334 ΜΣΝ.
931 265 1050 344 κύκλος
1069 262 1121 352 ἄρα

124 375 214 443 ἐστὶν
238 371 390 461 ῆΛΓΜ
409 371 559 462 γραμμή·
597 369 678 455 ὅπερ
702 371 841 439 ἄτοπον·
879 367 1051 440 ὑπόκειται
1071 369 1123 458 γὰρ

124 486 274 561 ἔλλειψις.

596 566 667 653 μθ’.

88 717 104 765 5
190 695 318 762 Κοίνου
346 695 449 779 τομῆς
473 696 634 777 δοθείσης
655 691 710 758 καὶ
735 696 874 777 σημείου
898 689 943 779 μῆ
968 690 1061 771 ἔντὸς
1081 701 1128 776 τῆς

123 812 227 888 τομῆς
250 801 388 886 ἀγαγεῖν
412 797 478 866 ἄπὸ
502 803 562 866 τοῦ
587 805 725 885 σημείου
748 795 887 866 εὐθεῖαν
910 797 991 865 καθ’
1014 802 1050 866 ἓν
1073 801 1128 866 ἔπι-

123 907 303 989 ῆιαύουσαν
326 911 385 993 τῆς
407 917 518 992 τομῆς.

192 1019 274 1081 ἔστω
302 1010 324 1099 ἤ
354 1018 495 1080 δοθεῖσα
518 1010 632 1079 κώνου
655 1015 738 1098 τομῆ
762 1014 929 1100 πρότερον
953 1010 1129 1099 παραβολή,

124 1111 164 1206 ἤς
191 1117 280 1200 ἄξων
310 1116 428 1186 ὁΒΔ.
475 1122 529 1186 δεῖ
554 1118 596 1206 δῆ
626 1115 691 1185 ἄπὸ
714 1122 776 1186 τοῦ
800 1119 966 1197 δοθέντος
989 1124 1130 1205 σημείου,

73 1223 144 1297 1οὸ
177 1225 222 1313 μῆ
255 1227 346 1293 ἔστιν
379 1227 472 1304 ἔντὸς
503 1228 563 1310 τῆς
589 1229 708 1312 τομῆς,
741 1222 880 1311 ἄγαγεῖν
908 1221 1064 1309 εὐθεῖαν,
1094 1220 1132 1302 ὡς

125 1331 303 1421 πρόκειται.

192 1441 229 1507 τὸ
259 1437 300 1525 δῆ
325 1438 431 1507 δοθὲν
455 1451 594 1526 σημεῖον
617 1435 692 1524 ἤτοι
715 1437 769 1506 ἐπὶ
791 1449 847 1524 τῆς
871 1449 1026 1525 γραμμῆς
1048 1438 1130 1505 ἔστιν

126 1542 146 1630 ἤ
175 1545 228 1613 ἐπὶ
251 1549 311 1613 τοῦ
336 1543 456 1626 ἄξονος
478 1540 498 1630 ἤ
523 1546 559 1611 ἔν
583 1547 628 1635 τῷ
652 1547 757 1636 λοιπῷ
782 1542 875 1622 ἐκτὸς
897 1541 1001 1633 τόπῳ.

192 1656 277 1720 ἔστω
306 1643 368 1719 οὖν
397 1651 449 1717 ἐπὶ
476 1661 534 1737 τῆς
560 1661 726 1738 γραμμῆς,
754 1649 810 1716 καὶ
840 1654 922 1717 ἔστω
947 1650 986 1717 τὸ
1012 1658 1057 1734 Α,
1084 1647 1132 1716 καί

72 1777 106 1827 15
125 1758 300 1843 γεγονέτω,
323 1758 379 1825 καὶ
402 1762 486 1824 ἔστω
510 1755 530 1843 ἤ
551 1765 632 1842 ΑΕ,
656 1758 712 1824 καὶ
735 1756 878 1836 κάθετος
901 1754 998 1842 ἤχθω
1018 1756 1038 1843 ἤ
1059 1762 1133 1823 ΑΔ·

126 1868 216 1930 ἔσται
240 1860 281 1949 δῆ
304 1864 407 1931 θέσει.
444 1868 499 1929 καὶ
519 1871 574 1948 ίση
594 1864 685 1930 ἔστὶν
704 1860 807 1950 ἤΒΕ
1104 1901 1108 1907 2

123 1971 163 2055 τῇ
188 1976 267 2035 ΒΔ·
313 1974 370 2034 καί
402 1972 470 2036 ἔστι
503 1972 645 2036 δοθεῖσα
677 1968 802 2055 ῆΒΛ·

125 2077 265 2141 δοθεῖσα
285 2072 350 2158 ἄρα
370 2076 438 2142 ἐστὶ
452 2074 507 2140 καὶ
522 2072 543 2160 ἤ
558 2082 631 2143 ΒΕ.
665 2080 725 2141 καί
736 2078 804 2143 ἐστι

125 2178 208 2248 τὸΒ
233 2180 351 2247 δοθέν·
390 2180 495 2248 δοθὲν
528 2182 594 2268 ἄρα
626 2180 742 2250 καὶτὸ
766 2189 804 2248 Ε.
835 2193 869 2245 E

71 2309 106 2359 20
125 2284 207 2353 ἀλλὰ
235 2285 351 2354 καὶτὸ
377 2297 420 2353 A·
465 2289 560 2355 θέσει
587 2289 653 2373 ἄρα
683 2284 701 2374 ἤ
730 2294 803 2354 AE.

193 2393 433 2481 συντεθῆσεται
467 2394 508 2480 δὴ
538 2394 656 2474 οὕτως·
707 2393 803 2480 ἤχθω

125 2497 190 2570 ἄπδ
224 2507 285 2571 τοῦ
318 2511 349 2569 Α
386 2501 527 2581 κᾶθετος
564 2501 584 2587 ἤ
624 2510 708 2586 AA,
749 2502 804 2568 καὶ

125 2616 250 2678 κείσθω
283 2613 322 2699 τῆ
351 2617 418 2676 BA
456 2618 510 2695 ἴση
544 2606 564 2694 ῆ
594 2615 672 2693 ΒΕ,
710 2609 764 2675 καὶ
795 2607 981 2692 ἐπεζεύχθω
1016 2605 1036 2692 ἤ
1066 2610 1132 2672 ΑΕ.

35 2729 38 2734 “
125 2716 276 2803 φανερὸν
301 2716 358 2803 δῆ,
383 2714 434 2784 ὅτι
458 2715 636 2802 ἔφᾶπτεται
660 2726 717 2799 τῆς
740 2725 849 2800 τομῆς.

72 2840 106 2888 25
193 2825 275 2888 ἔστω
302 2821 404 2889 πάλιν
431 2822 469 2890 τὸ
499 2822 605 2890 δοθὲν
635 2836 772 2908 σημεῖον
797 2822 849 2888 ἐπὶ
873 2824 934 2887 τοῦ
958 2819 1079 2901 ἄξονος
1099 2815 1131 2884 τὸ

125 2931 170 3007 Ε,
197 2927 252 2991 καὶ
279 2931 459 3013 γεγονέτω,
487 2932 543 2996 καὶ
571 2928 666 3016 ἤχθω
691 2928 903 3014 ἐφαπτομένη
928 2924 949 3013 ἤ
976 2933 1057 3013 ΑΕ,
1084 2922 1133 2992 καὶ

124 3026 264 3109 κάθετος
287 3030 383 3118 ἤχθω
409 3031 428 3119 ἤ
453 3043 534 3101 ΑΔ·
583 3045 637 3122 ίση
663 3037 728 3120 ἄμα
752 3036 844 3103 ἐστὶν
869 3032 889 3119 ἤ
916 3038 978 3100 ΒΕ
1001 3038 1041 3121 τῇ
1065 3037 1134 3099 ΒΛ.

125 3136 180 3202 καὶ
204 3140 346 3203 δοθεῖσα
365 3135 385 3222 ἤ
405 3146 481 3204 ΒΕ·
519 3146 660 3209 δοθεῖσα
684 3144 749 3227 ἄρα
768 3142 822 3208 καὶ
841 3138 861 3226 ἤ
883 3147 958 3206 BA.
996 3145 1057 3207 καί
1072 3141 1134 3207 ἔστι

127 3242 233 3310 δοθὲν
260 3240 298 3310 τὸ
321 3251 362 3309 Β’
409 3246 515 3313 δοθὲν
538 3246 603 3334 ἄρα
627 3249 681 3316 καὶ
705 3248 742 3317 τὸ
768 3257 808 3315 A.
854 3254 912 3314 καί
934 3248 1025 3314 ἔστιν
1051 3243 1135 3332 ὀρθὴ

950 2264 982 2318 B
1062 2247 1096 2301 Δ

198 3482 240 3531 17.
259 3475 325 3548 ΒΔ]
347 3474 418 3544 (alt.)
439 3494 467 3545 p,
487 3493 555 3531 corr.
577 3493 609 3531 ex
630 3482 680 3531 ΓΔ
699 3498 734 3540 m.
755 3486 770 3533 2
790 3478 828 3547 V;
851 3483 900 3533 ΓΔ
920 3496 967 3532 ev.
