2438 3892
409 140 625 193 cornuorum
642 142 752 192 umus
769 143 806 195 11.
1046 138 1112 204 249

164 282 232 347 sint
255 282 415 348 sectiones
437 284 607 369 oppositae
626 284 850 368 sectionesque
870 284 1037 368 oppositas
1057 290 1114 349 aut

96 389 133 455 in
156 389 297 475 singulis
320 389 451 472 punctis
474 390 702 476 contingentes
726 395 783 454 aut
805 391 840 454 in
861 390 948 455 binis
968 395 1114 456 secantes

98 498 207 561 rectus
235 499 315 579 AB,
339 498 418 580 ΓΔ,
445 517 563 581 eaeque
585 499 762 581 productae
786 502 988 562 concurrant.
1033 497 1115 582 dico,

99 605 258 687 punctum
286 623 397 667 eorum
425 624 601 668 concursus
629 605 663 668 in
691 606 811 690 angulo
835 604 984 687 deinceps
1006 603 1115 687 posito

100 710 223 795 ungulo
246 709 423 774 sectionem
446 710 734 794 comprehendenti
758 733 829 776 esse
851 711 1004 793 positum.

167 817 373 898 csymptotee
403 817 583 880 sectionum
611 817 677 882 siut
705 821 784 900 ZH,
807 821 888 901 (dK3
915 817 1025 901 itaque
1050 819 1117 880 AB

100 920 258 1004 producta
278 942 351 986 cum
369 923 567 1006 asymptotis
586 928 756 988 concurret
775 925 882 1008 [prop.
900 921 1004 1003 VIII].
1041 943 1117 986 con-

101 1030 212 1091 currat
243 1025 277 1090 in
309 1031 351 1111 Θ,
372 1032 415 1094 Η.
467 1031 500 1092 et
533 1029 686 1113 quoniam
718 1030 962 1114 supposuimus,
993 1031 1060 1091 ZK
1085 1030 1119 1092 et

103 1135 176 1197 ΘΗ
194 1154 393 1218 concurrere,
415 1134 623 1199 menifestum
645 1139 703 1214 est,
726 1157 781 1199 eas
802 1140 859 1200 aut
878 1136 912 1199 in
931 1135 1037 1219 spatio
1058 1135 1118 1198 sub

103 1239 224 1324 ongrdo
247 1242 345 1303 ΘΛΖ
369 1260 558 1305 concurrere
581 1245 637 1304 aut
660 1240 694 1304 in
717 1241 824 1324 spatio
849 1242 909 1306 sub
932 1243 1050 1306 ΚΛΗ.
1087 1245 1120 1304 et

103 1345 256 1410 similiter
279 1345 391 1432 etium,
415 1346 444 1410 si
467 1346 661 1431 contingunt
684 1348 789 1432 [prop.
812 1345 884 1429 III].

534 1541 688 1607 XXXIII.

171 1662 208 1730 Si
235 1669 336 1749 recta,
364 1687 446 1750 quae
474 1688 548 1731 cum
575 1667 679 1730 altera
706 1666 859 1750 opposite
884 1666 1060 1748 concurrit,
1086 1667 1121 1729 in

101 1776 276 1857 utrumque
299 1775 425 1857 purtem
448 1773 606 1856 producta
626 1777 717 1837 extra
736 1774 912 1838 sectionem
931 1771 1026 1856 cadit,
1048 1794 1121 1836 cum

103 1877 211 1943 altero
242 1878 385 1943 sectione
419 1900 486 1944 non
518 1885 704 1962 concurret,
741 1878 797 1943 sed
828 1901 887 1963 per
918 1879 984 1943 tria
1016 1878 1122 1962 spatia

105 1984 213 2070 cedet,
231 2005 367 2069 quorum
386 2006 487 2050 unum
506 1989 557 2049 est
576 1985 718 2070 spatium
737 1986 797 2050 sub
812 1984 931 2068 angulo
948 1984 1123 2048 sectionem

105 2089 396 2175 comprehendenti
413 2091 565 2176 positum,
584 2091 647 2156 duo
666 2095 775 2156 autem
794 2090 901 2175 spatia
916 2091 975 2156 sub
996 2090 1124 2175 angulis

107 2197 231 2283 angulo
255 2197 432 2263 sectionem
455 2197 746 2282 comprehendenti
769 2198 919 2282 deinceps
942 2198 1068 2280 positis.

177 2303 245 2368 sint
257 2304 426 2388 oppositae
445 2303 603 2369 sectiones
622 2311 663 2388 A,
682 2307 719 2387 B,
738 2304 976 2386 sectionemque
991 2310 1023 2367 A
1037 2306 1125 2367 secet

104 2416 200 2477 rectu
218 2411 326 2494 aliqua
341 2412 408 2473 ΓΛ
427 2414 460 2475 et
478 2411 513 2474 in
532 2415 703 2495 utramque
722 2416 846 2493 purtem
861 2407 1019 2492 producta
1033 2411 1125 2471 extra

698 2515 873 2579 sectionem
898 2513 999 2578 eadat.
1043 2513 1124 2595 dico,

696 2624 818 2685 rectam
833 2622 896 2684 ΓΔ
917 2640 990 2683 cum
1009 2623 1038 2682 B
1058 2639 1123 2682 sec-

697 2727 786 2792 tione
810 2748 877 2791 non
900 2746 1098 2790 concurrere.

756 2834 914 2898 ducantur
924 2832 1008 2897 enim
1020 2853 1126 2916 asym-

698 2943 811 3026 ptotae
841 2940 1021 3005 sectionum
1049 2943 1126 3022 EZ,

699 3051 775 3131 ΗΘς
790 3049 852 3111 ΓΛ
860 3047 961 3130 igitur
969 3045 1127 3130 producta

560 3179 583 3230 Ζ
700 3176 772 3219 cum
816 3153 1010 3238 esymptotis
1052 3174 1126 3216 con-

700 3259 801 3326 currit
812 3263 917 3345 [prop.
926 3257 1031 3338 Villi
1055 3279 1127 3322 con·

100 3368 214 3439 'currit
246 3375 355 3437 sutem
387 3370 421 3434 in
449 3371 539 3453 E,(d
572 3366 660 3430 solis.
715 3388 791 3452 ergo
826 3389 898 3432 cum
926 3370 954 3429 B
988 3365 1128 3427 sectione

104 3500 180 3549 non
203 3481 384 3546 concurret.
