2438 3892
418 182 634 235 CONIGORUM
651 185 759 235 LIBER
777 186 799 237 Ι.
1094 184 1114 246 9

166 325 196 390 5.
222 323 379 391 Similiter
397 348 474 391 uere
495 326 593 390 etiam
613 327 747 391 duarum
765 326 926 391 linearum
943 348 1115 392 curuarum

98 431 133 494 in
161 453 227 496 uno
254 435 352 517 plano
380 433 562 518 positarum
591 432 783 497 diametrum
811 436 1032 498 transuersam
1061 434 1115 497 ad-

98 537 187 619 pelle
219 543 354 623 restam,
388 560 468 623 quae
501 537 580 602 duas
613 538 687 602 illas
719 538 822 603 lineas
857 560 970 603 secans
1004 560 1114 603 omnes

99 647 205 708 rectas
228 645 261 708 in
285 647 422 729 utraque
445 643 531 707 linea
554 647 661 708 rectae
685 643 782 709 alicui
805 644 978 728 parallelas
1001 644 1115 709 duetas

98 749 137 812 iu¹
153 749 245 814 binas
264 753 374 834 partes
394 749 546 834 aequales
563 752 661 833 seeat,
679 749 816 814 uertices
831 753 940 814 autem
954 751 1116 816 linearum

98 856 255 921 terminos
293 856 441 921 diametri
477 856 512 919 in
548 855 633 920 linea
664 856 805 939 positus,
844 860 965 920 restam
999 860 1117 941 autem,

99 984 181 1046 quae
204 964 288 1027 inter
311 963 390 1028 duas
414 963 515 1026 lineas
538 962 646 1046 posita
670 983 781 1026 omnes
803 965 909 1027 reatae
932 966 1039 1028 rectae
1059 964 1114 1027 ali·

98 1070 151 1133 cui
174 1071 345 1152 parallelas
369 1069 481 1134 ductas
505 1072 538 1133 et
559 1068 647 1132 inter
669 1068 771 1133 lineas
796 1068 939 1134 abscisas
963 1071 997 1134 in
1021 1070 1116 1135 binas

98 1177 211 1258 partes
243 1175 393 1258 aequales
426 1177 527 1257 seeat,
560 1174 705 1258 singulas
734 1178 843 1239 autem
871 1176 1046 1259 parallelas
1075 1177 1116 1241 ad

99 1281 295 1346 diametrum
319 1280 465 1345 ordinate
489 1279 603 1344 ductas
628 1301 705 1344 esse.

166 1387 196 1451 6.
245 1385 444 1471 Coniugatas
483 1385 657 1451 diametros
694 1385 822 1470 adpelle
856 1388 961 1453 lineae
998 1411 1116 1454 euruae

99 1493 299 1577 duarumque
318 1493 477 1557 linearum
497 1513 669 1557 curuarum
687 1494 803 1576 rectas,
826 1515 962 1577 quarum
981 1498 1117 1579 utraque

100 1599 277 1664 diametrus
298 1604 348 1664 est
366 1603 399 1664 et
417 1602 523 1664 rectas
545 1598 641 1662 alteri
659 1597 831 1683 parallelas
846 1599 882 1662 in
896 1600 992 1664 binas
1005 1604 1116 1684 partes

100 1707 250 1790 aequales
275 1710 372 1771 secat.

168 1814 196 1877 7.
229 1810 333 1877 Axem
361 1833 439 1876 uere
462 1811 567 1875 lineae
592 1832 709 1877 euruae
732 1812 930 1898 duarumque
953 1812 1114 1877 linearum

99 1941 271 1984 curuarum
300 1922 422 1984 rectam
451 1917 595 2003 adpelle,
623 1939 705 2001 quae
733 1919 908 1984 diametrus
936 1922 985 1984 est
1011 1920 1117 1985 lineae

98 2025 301 2089 linearumue
326 2028 358 2090 et
380 2024 556 2109 parallelas
581 2023 621 2087 ad
646 2025 782 2108 angulos
806 2028 912 2089 reatos
937 2029 1034 2090 secat.

170 2131 199 2196 8.
218 2130 305 2195 Axes
320 2131 512 2214 coniugatus
527 2129 656 2213 adpelle
670 2130 775 2194 lineae
790 2152 907 2195 euruae
917 2131 1117 2216 duarumque

98 2237 258 2301 linearum
287 2258 460 2302 curuarum
487 2238 608 2317 rectas,
637 2258 720 2320 quae
746 2236 895 2301 diametri
922 2238 1116 2321 coniugatae

100 2348 218 2409 suntet
229 2344 331 2409 altera
341 2343 474 2409 alterius
485 2343 660 2427 parallelas
672 2342 826 2407 adrectos
842 2344 980 2427 angulos
994 2347 1116 2408 secant.

165 2558 285 2622 Reatae
323 2580 342 2622 a
379 2558 500 2622 uertice
537 2553 717 2642 superficiei
754 2553 884 2617 conisae
924 2552 963 2617 ad
995 2557 1117 2637 puncta

714 2659 895 2742 superficiei
931 2658 1046 2724 ductae
1082 2661 1115 2724 in

147 2741 173 2788 Λ
323 2733 349 2778 Δ
514 2715 542 2762 Α
856 2765 862 2777 .

715 2765 882 2847 superfiere
907 2769 993 2830 suut

554 2881 583 2927 st
609 2823 639 2876 B
781 2871 824 2934 sit
851 2872 1037 2956 superficies
1062 2894 1115 2938 ee-

386 3005 413 3057 Α
713 2977 794 3061 nica,
807 2978 897 3042 euius
908 2981 1020 3043 uertex
1030 2979 1116 3043 sitA

323 3125 349 3172 B
712 3087 884 3167 punctum,
911 3088 944 3148 et
968 3088 1114 3150 sumatur

115 3203 144 3253 Ζ
239 3195 278 3247 B
306 3228 333 3281 Z
429 3225 459 3274 h*
712 3189 746 3253 in
792 3190 959 3273 superficie
1004 3191 1116 3255 conica

95 3289 125 3345 B
480 3268 504 3318 Ζ
635 3255 666 3308 Ε
711 3301 866 3380 punctum
882 3295 1013 3381 aliquod
1028 3301 1065 3380 Β,
1083 3300 1133 3360 et.

99 3405 237 3468 dueatur
258 3406 348 3466 recta
378 3401 487 3486 aliqua
514 3408 546 3466 A
557 3405 631 3469 ΓΒ.
686 3402 772 3486 dieo,
803 3405 925 3467 restam
953 3404 1051 3466 ΑΓΒ
1080 3402 1115 3466 in

99 3509 271 3591 superficie
296 3531 374 3574 esse.
