<?xml version="1.0" encoding="UTF-8"?>
<!DOCTYPE html PUBLIC "-//W3C//DTD XHTML 1.0 Transitional//EN"
    "http://www.w3.org/TR/xhtml1/DTD/xhtml1-transitional.dtd">
<html xmlns="http://www.w3.org/1999/xhtml" xml:lang="en" lang="en">
 <head>
  <title>
</title>
<meta http-equiv="Content-Type" content="text/html;charset=utf-8" />
  <meta name='ocr-system' content='tesseract 3.04.00' />
  <meta name='ocr-capabilities' content='ocr_page ocr_carea ocr_par ocr_line ocrx_word'/>
</head>
<body>
  <div class='ocr_page' id='page_1' title='image "./apolloniipergae00apolgoog_0074.png"; bbox 0 0 2438 3892; ppageno 0'>
   <div class='ocr_carea' id='block_1_1' title="bbox 14 1458 22 2200">
    <p class='ocr_par' dir='ltr' id='par_1_1' title="bbox 14 1458 22 2200">
     <span class='ocr_line' id='line_1_1' title="bbox 14 1458 22 2200; baseline 0 0"><span class='ocrx_word' id='word_1_1' title='bbox 14 1458 22 2200; x_wconf 95' lang='lat' dir='ltr'><strong><em> </em></strong></span> 
     </span>
    </p>
   </div>
   <div class='ocr_carea' id='block_1_2' title="bbox 222 119 838 188">
    <p class='ocr_par' dir='ltr' id='par_1_2' title="bbox 222 119 838 188">
     <span class='ocr_line' id='line_1_2' title="bbox 222 119 838 188; baseline 0.006 -13"><span class='ocrx_word' id='word_1_2' title='bbox 222 124 265 188; x_wconf 86' lang='grc'><strong><em>36</em></strong></span> <span class='ocrx_word' id='word_1_3' title='bbox 616 125 784 178; x_wconf 68' lang='lat' dir='ltr'><strong><em>mmm</em></strong></span> <span class='ocrx_word' id='word_1_4' title='bbox 802 119 838 179; x_wconf 79' lang='grc' dir='ltr'><strong><em>α’.</em></strong></span> 
     </span>
    </p>
   </div>
   <div class='ocr_carea' id='block_1_3' title="bbox 221 262 1219 682">
    <p class='ocr_par' dir='ltr' id='par_1_3' title="bbox 221 262 1219 682">
     <span class='ocr_line' id='line_1_3' title="bbox 221 262 1219 354; baseline 0.013 -22"><span class='ocrx_word' id='word_1_5' title='bbox 221 262 305 332; x_wconf 79' lang='grc' dir='ltr'><strong><em>ἀλλὰ</em></strong></span> <span class='ocrx_word' id='word_1_6' title='bbox 335 263 355 351; x_wconf 87' lang='grc' dir='ltr'><strong><em>ή</em></strong></span> <span class='ocrx_word' id='word_1_7' title='bbox 384 262 451 333; x_wconf 87' lang='grc' dir='ltr'><strong><em>ύπδ</em></strong></span> <span class='ocrx_word' id='word_1_8' title='bbox 481 272 603 333; x_wconf 89' lang='grc' dir='ltr'><strong><em>ΔΝΜ</em></strong></span> <span class='ocrx_word' id='word_1_9' title='bbox 627 270 734 352; x_wconf 80' lang='grc' dir='ltr'><em>γωνία</em></span> <span class='ocrx_word' id='word_1_10' title='bbox 762 270 802 354; x_wconf 76' lang='grc' dir='ltr'><strong><em>τῇ</em></strong></span> <span class='ocrx_word' id='word_1_11' title='bbox 829 263 894 334; x_wconf 85' lang='grc' dir='ltr'><strong><em>ὐπὸ</em></strong></span> <span class='ocrx_word' id='word_1_12' title='bbox 924 275 1049 338; x_wconf 86' lang='grc' dir='ltr'><strong><em>ΑΒΓ</em></strong></span> <span class='ocrx_word' id='word_1_13' title='bbox 1074 276 1173 344; x_wconf 89' lang='grc' dir='ltr'><strong><em>ἐστιν</em></strong></span> <span class='ocrx_word' id='word_1_14' title='bbox 1197 284 1219 343; x_wconf 63' lang='grc' dir='ltr'><strong><em>ίι</em></strong></span> 
     </span>
     <span class='ocr_line' id='line_1_4' title="bbox 221 369 1217 461; baseline 0.013 -22"><span class='ocrx_word' id='word_1_15' title='bbox 221 371 431 459; x_wconf 83' lang='grc' dir='ltr'><strong><em>παράλληλος</em></strong></span> <span class='ocrx_word' id='word_1_16' title='bbox 454 369 518 458; x_wconf 83' lang='grc' dir='ltr'><strong><em>γὰρ</em></strong></span> <span class='ocrx_word' id='word_1_17' title='bbox 542 370 559 440; x_wconf 73' lang='grc' dir='ltr'><strong><em>δ</em></strong></span> <span class='ocrx_word' id='word_1_18' title='bbox 582 375 651 449; x_wconf 77' lang='grc' dir='ltr'><strong><em>ΝΞ</em></strong></span> <span class='ocrx_word' id='word_1_19' title='bbox 676 375 715 461; x_wconf 82' lang='grc' dir='ltr'><strong><em>πή</em></strong></span> <span class='ocrx_word' id='word_1_20' title='bbox 739 379 814 440; x_wconf 89' lang='grc' dir='ltr'><strong><em>ΒΓ·</em></strong></span> <span class='ocrx_word' id='word_1_21' title='bbox 838 374 893 441; x_wconf 83' lang='grc' dir='ltr'><strong><em>καλ</em></strong></span> <span class='ocrx_word' id='word_1_22' title='bbox 918 370 941 461; x_wconf 86' lang='grc' dir='ltr'><strong><em>ή</em></strong></span> <span class='ocrx_word' id='word_1_23' title='bbox 965 373 1045 447; x_wconf 81' lang='grc' dir='ltr'><strong><em>ὑπὸ</em></strong></span> <span class='ocrx_word' id='word_1_24' title='bbox 1073 380 1217 452; x_wconf 87' lang='grc' dir='ltr'><strong><em>ΑΒΓ</em></strong></span> 
     </span>
     <span class='ocr_line' id='line_1_5' title="bbox 222 476 1219 575; baseline 0.012 -30"><span class='ocrx_word' id='word_1_25' title='bbox 222 488 277 566; x_wconf 85' lang='grc' dir='ltr'><strong><em>ίση</em></strong></span> <span class='ocrx_word' id='word_1_26' title='bbox 301 479 370 547; x_wconf 83' lang='grc' dir='ltr'><strong><em>ἐστὶ</em></strong></span> <span class='ocrx_word' id='word_1_27' title='bbox 394 482 432 567; x_wconf 78' lang='grc' dir='ltr'><strong><em>τῇ</em></strong></span> <span class='ocrx_word' id='word_1_28' title='bbox 456 476 521 546; x_wconf 83' lang='grc' dir='ltr'><strong><em>ὑπὸ</em></strong></span> <span class='ocrx_word' id='word_1_29' title='bbox 542 481 656 556; x_wconf 74' lang='grc' dir='ltr'><em>ΜΕΞ.</em></span> <span class='ocrx_word' id='word_1_30' title='bbox 693 476 876 548; x_wconf 76' lang='grc' dir='ltr'><strong><em>ὑπεναντία</em></strong></span> <span class='ocrx_word' id='word_1_31' title='bbox 899 477 970 567; x_wconf 75' lang='grc' dir='ltr'><strong><em>ἄρα</em></strong></span> <span class='ocrx_word' id='word_1_32' title='bbox 997 486 1104 554; x_wconf 82' lang='grc' dir='ltr'><strong><em>ἐστὶν</em></strong></span> <span class='ocrx_word' id='word_1_33' title='bbox 1124 516 1147 575; x_wconf 93' lang='grc' dir='ltr'><strong><em>η</em></strong></span> <span class='ocrx_word' id='word_1_34' title='bbox 1167 514 1219 556; x_wconf 92' lang='grc' dir='ltr'><strong><em>το</em></strong></span> 
     </span>
     <span class='ocr_line' id='line_1_6' title="bbox 222 582 1219 682; baseline 0.011 -29"><span class='ocrx_word' id='word_1_35' title='bbox 222 583 302 671; x_wconf 85' lang='grc' dir='ltr'><strong><em>ὅπερ</em></strong></span> <span class='ocrx_word' id='word_1_36' title='bbox 331 584 393 672; x_wconf 85' lang='grc' dir='ltr'><strong><em>οὐχ</em></strong></span> <span class='ocrx_word' id='word_1_37' title='bbox 420 582 601 653; x_wconf 83' lang='grc' dir='ltr'><strong><em>ὑπόκειται.</em></strong></span> <span class='ocrx_word' id='word_1_38' title='bbox 648 583 710 653; x_wconf 89' lang='grc' dir='ltr'><strong><em>οὐκ</em></strong></span> <span class='ocrx_word' id='word_1_39' title='bbox 737 583 803 670; x_wconf 72' lang='grc' dir='ltr'><strong><em>ἄρα</em></strong></span> <span class='ocrx_word' id='word_1_40' title='bbox 831 585 955 668; x_wconf 99' lang='grc' dir='ltr'><strong><em>κύκλος</em></strong></span> <span class='ocrx_word' id='word_1_41' title='bbox 979 591 1087 661; x_wconf 80' lang='grc' dir='ltr'><strong><em>ἐστὶν</em></strong></span> <span class='ocrx_word' id='word_1_42' title='bbox 1110 592 1134 682; x_wconf 82' lang='grc' dir='ltr'><strong><em>ἡ</em></strong></span> <span class='ocrx_word' id='word_1_43' title='bbox 1159 604 1192 663; x_wconf 94' lang='grc' dir='ltr'><em>Δ</em></span> <span class='ocrx_word' id='word_1_44' title='bbox 1206 605 1219 655; x_wconf 71' lang='grc' dir='ltr'><strong><em>λ</em></strong></span> 
     </span>
    </p>
   </div>
   <div class='ocr_carea' id='block_1_4' title="bbox 164 692 1219 2889">
    <p class='ocr_par' dir='ltr' id='par_1_4' title="bbox 186 692 736 847">
     <span class='ocr_line' id='line_1_7' title="bbox 186 692 736 847; baseline 0.005 -70"><span class='ocrx_word' id='word_1_45' title='bbox 186 692 364 779; x_wconf 56' lang='lat' dir='ltr'><strong><em>mam·</em></strong></span> <span class='ocrx_word' id='word_1_46' title='bbox 712 779 736 847; x_wconf 58' lang='grc' dir='ltr'><strong><em>ι,</em></strong></span> 
     </span>
    </p>

    <p class='ocr_par' dir='ltr' id='par_1_5' title="bbox 220 885 1212 1188">
     <span class='ocr_line' id='line_1_8' title="bbox 284 885 1172 982; baseline 0.007 -29"><span class='ocrx_word' id='word_1_47' title='bbox 284 885 363 954; x_wconf 83' lang='grc' dir='ltr'><strong><em>Ἐὰν</em></strong></span> <span class='ocrx_word' id='word_1_48' title='bbox 392 887 444 953; x_wconf 84' lang='grc' dir='ltr'><strong><em>ἐπὶ</em></strong></span> <span class='ocrx_word' id='word_1_49' title='bbox 471 885 585 954; x_wconf 93' lang='grc' dir='ltr'><strong><em>κώνου</em></strong></span> <span class='ocrx_word' id='word_1_50' title='bbox 612 891 715 974; x_wconf 88' lang='grc' dir='ltr'><strong><em>τομής</em></strong></span> <span class='ocrx_word' id='word_1_51' title='bbox 739 890 855 976; x_wconf 75' lang='grc' dir='ltr'><strong><em>ληφθῇ</em></strong></span> <span class='ocrx_word' id='word_1_52' title='bbox 879 886 943 955; x_wconf 92' lang='grc' dir='ltr'><strong><em>δύο</em></strong></span> <span class='ocrx_word' id='word_1_53' title='bbox 968 905 1121 980; x_wconf 81' lang='grc' dir='ltr'><strong><em>σημεῖα,</em></strong></span> <span class='ocrx_word' id='word_1_54' title='bbox 1151 891 1172 982; x_wconf 87' lang='grc' dir='ltr'><strong><em>ή</em></strong></span> 
     </span>
     <span class='ocr_line' id='line_1_9' title="bbox 221 989 1212 1079; baseline 0.008 -20"><span class='ocrx_word' id='word_1_55' title='bbox 221 992 274 1060; x_wconf 82' lang='grc' dir='ltr'><strong><em>ἐπὶ</em></strong></span> <span class='ocrx_word' id='word_1_56' title='bbox 292 991 332 1059; x_wconf 79' lang='grc' dir='ltr'><strong><em>τὰ</em></strong></span> <span class='ocrx_word' id='word_1_57' title='bbox 352 1004 471 1078; x_wconf 83' lang='grc' dir='ltr'><strong><em>σημεία</em></strong></span> <span class='ocrx_word' id='word_1_58' title='bbox 491 993 750 1079; x_wconf 76' lang='grc' dir='ltr'><strong><em>ἐπιζευγνυμένη</em></strong></span> <span class='ocrx_word' id='word_1_59' title='bbox 770 989 888 1061; x_wconf 80' lang='grc' dir='ltr'><strong><em>εὐθεῖα</em></strong></span> <span class='ocrx_word' id='word_1_60' title='bbox 906 991 1007 1075; x_wconf 88' lang='grc' dir='ltr'><strong><em>ἐντὸς</em></strong></span> <span class='ocrx_word' id='word_1_61' title='bbox 1027 1014 1212 1069; x_wconf 82' lang='grc' dir='ltr'><strong><em>πεσεῖταιτ</em></strong></span> 
     </span>
     <span class='ocr_line' id='line_1_10' title="bbox 220 1096 905 1188; baseline 0.003 -23"><span class='ocrx_word' id='word_1_62' title='bbox 220 1102 334 1184; x_wconf 80' lang='grc' dir='ltr'><strong><em>τομῆς,</em></strong></span> <span class='ocrx_word' id='word_1_63' title='bbox 358 1096 379 1184; x_wconf 87' lang='grc' dir='ltr'><strong><em>ή</em></strong></span> <span class='ocrx_word' id='word_1_64' title='bbox 404 1098 441 1166; x_wconf 76' lang='grc' dir='ltr'><strong><em>δὲ</em></strong></span> <span class='ocrx_word' id='word_1_65' title='bbox 465 1096 514 1166; x_wconf 85' lang='grc' dir='ltr'><strong><em>ἐπ’</em></strong></span> <span class='ocrx_word' id='word_1_66' title='bbox 536 1096 672 1179; x_wconf 78' lang='grc' dir='ltr'><strong><em>εὐθείας</em></strong></span> <span class='ocrx_word' id='word_1_67' title='bbox 695 1096 779 1188; x_wconf 81' lang='grc' dir='ltr'><strong><em>αὐτή</em></strong></span> <span class='ocrx_word' id='word_1_68' title='bbox 804 1097 905 1178; x_wconf 89' lang='grc' dir='ltr'><strong><em>ἐκτός.</em></strong></span> 
     </span>
    </p>

    <p class='ocr_par' dir='ltr' id='par_1_6' title="bbox 168 1197 1218 1720">
     <span class='ocr_line' id='line_1_11' title="bbox 168 1197 1218 1299; baseline 0.009 -28"><span class='ocrx_word' id='word_1_69' title='bbox 168 1229 201 1277; x_wconf 90' lang='lat'><strong><em>10</em></strong></span> <span class='ocrx_word' id='word_1_70' title='bbox 288 1211 371 1273; x_wconf 85' lang='grc' dir='ltr'><strong><em>ἔστω</em></strong></span> <span class='ocrx_word' id='word_1_71' title='bbox 394 1209 512 1291; x_wconf 93' lang='grc' dir='ltr'><strong><em>κῶνος,</em></strong></span> <span class='ocrx_word' id='word_1_72' title='bbox 537 1197 579 1273; x_wconf 87' lang='grc' dir='ltr'><strong><em>ού</em></strong></span> <span class='ocrx_word' id='word_1_73' title='bbox 602 1204 732 1291; x_wconf 76' lang='grc' dir='ltr'><strong><em>κορνῳύ</em></strong></span> <span class='ocrx_word' id='word_1_74' title='bbox 760 1204 822 1292; x_wconf 76' lang='grc' dir='ltr'><strong><em>μὲν</em></strong></span> <span class='ocrx_word' id='word_1_75' title='bbox 845 1203 882 1273; x_wconf 82' lang='grc' dir='ltr'><strong><em>τὸ</em></strong></span> <span class='ocrx_word' id='word_1_76' title='bbox 907 1214 940 1272; x_wconf 93' lang='grc' dir='ltr'><em>Α</em></span> <span class='ocrx_word' id='word_1_77' title='bbox 963 1223 1134 1297; x_wconf 81' lang='grc' dir='ltr'><strong><em>σημεῖον,</em></strong></span> <span class='ocrx_word' id='word_1_78' title='bbox 1159 1212 1218 1299; x_wconf 84' lang='grc' dir='ltr'><strong><em>βύσ</em></strong></span> 
     </span>
     <span class='ocr_line' id='line_1_12' title="bbox 221 1308 1217 1402; baseline 0.008 -24"><span class='ocrx_word' id='word_1_79' title='bbox 221 1311 258 1379; x_wconf 76' lang='grc' dir='ltr'><strong><em>δὲ</em></strong></span> <span class='ocrx_word' id='word_1_80' title='bbox 274 1308 292 1380; x_wconf 90' lang='grc' dir='ltr'><strong>ὁ</strong></span> <span class='ocrx_word' id='word_1_81' title='bbox 307 1317 375 1379; x_wconf 90' lang='grc' dir='ltr'><strong><em>ΒΓ</em></strong></span> <span class='ocrx_word' id='word_1_82' title='bbox 388 1311 520 1397; x_wconf 80' lang='grc' dir='ltr'><strong><em>κύκλος,</em></strong></span> <span class='ocrx_word' id='word_1_83' title='bbox 538 1312 594 1379; x_wconf 78' lang='grc' dir='ltr'><strong><em>καὶ</em></strong></span> <span class='ocrx_word' id='word_1_84' title='bbox 607 1311 785 1399; x_wconf 76' lang='grc' dir='ltr'><strong><em>τετμήσθω</em></strong></span> <span class='ocrx_word' id='word_1_85' title='bbox 801 1314 944 1402; x_wconf 76' lang='grc' dir='ltr'><strong><em>ἐπιπέδῳ</em></strong></span> <span class='ocrx_word' id='word_1_86' title='bbox 961 1311 1022 1381; x_wconf 87' lang='grc' dir='ltr'><strong><em>διδι</em></strong></span> <span class='ocrx_word' id='word_1_87' title='bbox 1036 1328 1105 1386; x_wconf 88' lang='grc' dir='ltr'><strong><em>τοῦ</em></strong></span> <span class='ocrx_word' id='word_1_88' title='bbox 1121 1317 1217 1401; x_wconf 76' lang='grc' dir='ltr'><strong><em>ἄξονα</em></strong></span> 
     </span>
     <span class='ocr_line' id='line_1_13' title="bbox 218 1408 1215 1511; baseline 0.007 -25"><span class='ocrx_word' id='word_1_89' title='bbox 218 1420 275 1486; x_wconf 82' lang='grc' dir='ltr'><strong><em>καὶ</em></strong></span> <span class='ocrx_word' id='word_1_90' title='bbox 298 1423 432 1487; x_wconf 87' lang='grc' dir='ltr'><strong><em>ποιείτω</em></strong></span> <span class='ocrx_word' id='word_1_91' title='bbox 456 1408 563 1504; x_wconf 83' lang='grc' dir='ltr'><strong><em>τομήν</em></strong></span> <span class='ocrx_word' id='word_1_92' title='bbox 585 1417 623 1486; x_wconf 89' lang='grc' dir='ltr'><strong><em>τὸ</em></strong></span> <span class='ocrx_word' id='word_1_93' title='bbox 651 1423 753 1486; x_wconf 89' lang='grc' dir='ltr'><strong><em>ΑΒΓ</em></strong></span> <span class='ocrx_word' id='word_1_94' title='bbox 771 1423 947 1507; x_wconf 90' lang='grc' dir='ltr'><strong><em>τρίγωνον.</em></strong></span> <span class='ocrx_word' id='word_1_95' title='bbox 992 1423 1185 1511; x_wconf 80' lang='grc' dir='ltr'><strong><em>τετμήσθω</em></strong></span> <span class='ocrx_word' id='word_1_96' title='bbox 1211 1459 1215 1481; x_wconf 76' lang='lat'>1</span> 
     </span>
     <span class='ocr_line' id='line_1_14' title="bbox 219 1523 1215 1615; baseline -0.004 -21"><span class='ocrx_word' id='word_1_97' title='bbox 219 1527 274 1593; x_wconf 78' lang='grc' dir='ltr'><strong><em>καί</em></strong></span> <span class='ocrx_word' id='word_1_98' title='bbox 294 1526 394 1615; x_wconf 83' lang='grc' dir='ltr'><strong><em>ἑτέρῳ</em></strong></span> <span class='ocrx_word' id='word_1_99' title='bbox 414 1525 570 1613; x_wconf 86' lang='grc' dir='ltr'><strong><em>ἐπιπέδῳ,</em></strong></span> <span class='ocrx_word' id='word_1_100' title='bbox 589 1523 645 1590; x_wconf 78' lang='grc' dir='ltr'><strong><em>καὶ</em></strong></span> <span class='ocrx_word' id='word_1_101' title='bbox 660 1529 793 1591; x_wconf 85' lang='grc' dir='ltr'><strong><em>ποιείτω</em></strong></span> <span class='ocrx_word' id='word_1_102' title='bbox 807 1523 914 1609; x_wconf 87' lang='grc' dir='ltr'><strong><em>τομήν</em></strong></span> <span class='ocrx_word' id='word_1_103' title='bbox 933 1524 970 1590; x_wconf 91' lang='grc' dir='ltr'><strong><em>ἐν</em></strong></span> <span class='ocrx_word' id='word_1_104' title='bbox 988 1528 1034 1613; x_wconf 79' lang='grc' dir='ltr'><strong><em>τῇ</em></strong></span> <span class='ocrx_word' id='word_1_105' title='bbox 1055 1532 1122 1597; x_wconf 83' lang='grc' dir='ltr'><strong><em>τοῦ</em></strong></span> <span class='ocrx_word' id='word_1_106' title='bbox 1139 1528 1215 1599; x_wconf 86' lang='grc' dir='ltr'><strong><em>κών</em></strong></span> 
     </span>
     <span class='ocr_line' id='line_1_15' title="bbox 220 1628 1208 1720; baseline 0.001 -20"><span class='ocrx_word' id='word_1_107' title='bbox 220 1634 397 1720; x_wconf 78' lang='grc' dir='ltr'><strong><em>ἐπιφανείᾳ</em></strong></span> <span class='ocrx_word' id='word_1_108' title='bbox 425 1629 487 1716; x_wconf 88' lang='grc' dir='ltr'><strong><em>τήν</em></strong></span> <span class='ocrx_word' id='word_1_109' title='bbox 511 1636 611 1697; x_wconf 88' lang='grc' dir='ltr'><strong><em>ΔΕΖ</em></strong></span> <span class='ocrx_word' id='word_1_110' title='bbox 640 1629 814 1716; x_wconf 91' lang='grc' dir='ltr'><strong><em>γραμμήν,</em></strong></span> <span class='ocrx_word' id='word_1_111' title='bbox 841 1628 896 1697; x_wconf 79' lang='grc' dir='ltr'><strong><em>καί</em></strong></span> <span class='ocrx_word' id='word_1_112' title='bbox 925 1628 1090 1716; x_wconf 79' lang='grc' dir='ltr'><strong><em>εἰλήφθω</em></strong></span> <span class='ocrx_word' id='word_1_113' title='bbox 1117 1637 1208 1704; x_wconf 83' lang='grc' dir='ltr'><strong><em>ἐπλτ</em></strong></span> 
     </span>
    </p>

    <p class='ocr_par' dir='ltr' id='par_1_7' title="bbox 167 1733 1219 2037">
     <span class='ocr_line' id='line_1_16' title="bbox 167 1733 1219 1826; baseline 0.008 -22"><span class='ocrx_word' id='word_1_114' title='bbox 167 1761 200 1810; x_wconf 78' lang='lat'><strong><em>15</em></strong></span> <span class='ocrx_word' id='word_1_115' title='bbox 220 1744 321 1805; x_wconf 83' lang='grc' dir='ltr'><strong><em>ΔΕΖ</em></strong></span> <span class='ocrx_word' id='word_1_116' title='bbox 346 1735 408 1803; x_wconf 92' lang='grc' dir='ltr'><strong><em>δύο</em></strong></span> <span class='ocrx_word' id='word_1_117' title='bbox 433 1750 553 1822; x_wconf 82' lang='grc' dir='ltr'><strong><em>σημεῖα</em></strong></span> <span class='ocrx_word' id='word_1_118' title='bbox 576 1734 616 1803; x_wconf 87' lang='grc' dir='ltr'><strong><em>τδι</em></strong></span> <span class='ocrx_word' id='word_1_119' title='bbox 640 1743 686 1821; x_wconf 88' lang='grc' dir='ltr'><strong><em>Η,</em></strong></span> <span class='ocrx_word' id='word_1_120' title='bbox 706 1743 742 1804; x_wconf 82' lang='grc' dir='ltr'><strong><em>Θ.</em></strong></span> <span class='ocrx_word' id='word_1_121' title='bbox 788 1738 889 1822; x_wconf 86' lang='grc' dir='ltr'><strong><em>λέγω,</em></strong></span> <span class='ocrx_word' id='word_1_122' title='bbox 917 1733 1009 1804; x_wconf 65' lang='grc' dir='ltr'><strong><em>ὅτιν’</em></strong></span> <span class='ocrx_word' id='word_1_123' title='bbox 1041 1740 1109 1826; x_wconf 74' lang='grc' dir='ltr'><strong><em>μὲν</em></strong></span> <span class='ocrx_word' id='word_1_124' title='bbox 1135 1742 1188 1811; x_wconf 80' lang='grc' dir='ltr'><strong><em>ἐπὶ</em></strong></span> <span class='ocrx_word' id='word_1_125' title='bbox 1216 1781 1219 1794; x_wconf 81' lang='lat'><em>=</em></span> 
     </span>
     <span class='ocr_line' id='line_1_17' title="bbox 219 1841 1214 1936; baseline 0.007 -28"><span class='ocrx_word' id='word_1_126' title='bbox 219 1849 269 1928; x_wconf 84' lang='lat' dir='ltr'><strong><em>H,</em></strong></span> <span class='ocrx_word' id='word_1_127' title='bbox 290 1848 319 1909; x_wconf 82' lang='grc' dir='ltr'>Θ</span> <span class='ocrx_word' id='word_1_128' title='bbox 344 1843 602 1929; x_wconf 77' lang='grc' dir='ltr'><strong><em>ἐπιζευγνυμένη</em></strong></span> <span class='ocrx_word' id='word_1_129' title='bbox 626 1841 745 1910; x_wconf 89' lang='grc' dir='ltr'><strong><em>εύθεία</em></strong></span> <span class='ocrx_word' id='word_1_130' title='bbox 769 1841 862 1922; x_wconf 89' lang='grc' dir='ltr'><strong><em>ἐντὸς</em></strong></span> <span class='ocrx_word' id='word_1_131' title='bbox 885 1854 1036 1910; x_wconf 75' lang='grc' dir='ltr'><strong><em>πεσεῖται</em></strong></span> <span class='ocrx_word' id='word_1_132' title='bbox 1061 1857 1126 1936; x_wconf 83' lang='grc' dir='ltr'><strong><em>τῆς</em></strong></span> <span class='ocrx_word' id='word_1_133' title='bbox 1150 1856 1214 1918; x_wconf 83' lang='grc' dir='ltr'><strong><em>ΔΕ</em></strong></span> 
     </span>
     <span class='ocr_line' id='line_1_18' title="bbox 219 1945 951 2037; baseline 0.003 -23"><span class='ocrx_word' id='word_1_134' title='bbox 219 1952 382 2035; x_wconf 86' lang='grc' dir='ltr'><strong><em>γραμμής,</em></strong></span> <span class='ocrx_word' id='word_1_135' title='bbox 404 1947 425 2034; x_wconf 85' lang='grc' dir='ltr'><strong><em>ή</em></strong></span> <span class='ocrx_word' id='word_1_136' title='bbox 451 1948 488 2016; x_wconf 73' lang='grc' dir='ltr'><strong><em>δέ</em></strong></span> <span class='ocrx_word' id='word_1_137' title='bbox 512 1945 564 2015; x_wconf 91' lang='grc' dir='ltr'><strong><em>ἐπ’</em></strong></span> <span class='ocrx_word' id='word_1_138' title='bbox 583 1947 720 2028; x_wconf 83' lang='grc' dir='ltr'><strong><em>εὐθείας</em></strong></span> <span class='ocrx_word' id='word_1_139' title='bbox 742 1947 826 2037; x_wconf 82' lang='grc' dir='ltr'><strong><em>αὐτή</em></strong></span> <span class='ocrx_word' id='word_1_140' title='bbox 851 1948 951 2028; x_wconf 87' lang='grc' dir='ltr'><strong><em>ἐκτός.</em></strong></span> 
     </span>
    </p>

    <p class='ocr_par' dir='ltr' id='par_1_8' title="bbox 218 2045 1211 2251">
     <span class='ocr_line' id='line_1_19' title="bbox 288 2045 1207 2148; baseline 0 -27"><span class='ocrx_word' id='word_1_141' title='bbox 288 2055 358 2121; x_wconf 84' lang='grc' dir='ltr'><strong><em>ἐπεί</em></strong></span> <span class='ocrx_word' id='word_1_142' title='bbox 386 2052 451 2140; x_wconf 81' lang='grc' dir='ltr'><strong><em>γὰρ</em></strong></span> <span class='ocrx_word' id='word_1_143' title='bbox 484 2058 607 2140; x_wconf 89' lang='grc' dir='ltr'><strong><em>κῶνος,</em></strong></span> <span class='ocrx_word' id='word_1_144' title='bbox 641 2045 683 2122; x_wconf 88' lang='grc' dir='ltr'><strong><em>οὐ</em></strong></span> <span class='ocrx_word' id='word_1_145' title='bbox 710 2053 843 2143; x_wconf 82' lang='grc' dir='ltr'><strong><em>κορυφή</em></strong></span> <span class='ocrx_word' id='word_1_146' title='bbox 871 2053 934 2141; x_wconf 74' lang='grc' dir='ltr'><strong><em>μὲν</em></strong></span> <span class='ocrx_word' id='word_1_147' title='bbox 959 2051 998 2122; x_wconf 87' lang='grc' dir='ltr'><strong><em>τδ</em></strong></span> <span class='ocrx_word' id='word_1_148' title='bbox 1029 2067 1067 2125; x_wconf 90' lang='grc' dir='ltr'><em>Α</em></span> <span class='ocrx_word' id='word_1_149' title='bbox 1097 2079 1207 2148; x_wconf 88' lang='grc' dir='ltr'><strong><em>σημε</em></strong></span> 
     </span>
     <span class='ocr_line' id='line_1_20' title="bbox 218 2157 1211 2251; baseline -0.001 -23"><span class='ocrx_word' id='word_1_150' title='bbox 218 2159 316 2246; x_wconf 84' lang='grc' dir='ltr'><strong><em>βύσις</em></strong></span> <span class='ocrx_word' id='word_1_151' title='bbox 331 2160 368 2228; x_wconf 74' lang='grc' dir='ltr'><strong><em>δὲ</em></strong></span> <span class='ocrx_word' id='word_1_152' title='bbox 385 2157 481 2228; x_wconf 86' lang='grc' dir='ltr'><strong><em>ὁΒΓ</em></strong></span> <span class='ocrx_word' id='word_1_153' title='bbox 493 2160 625 2247; x_wconf 82' lang='grc' dir='ltr'><strong><em>κύκλος,</em></strong></span> <span class='ocrx_word' id='word_1_154' title='bbox 640 2163 793 2248; x_wconf 80' lang='grc' dir='ltr'><strong><em>τέτμηται</em></strong></span> <span class='ocrx_word' id='word_1_155' title='bbox 808 2162 951 2251; x_wconf 77' lang='grc' dir='ltr'><strong><em>ἐπιπέδῳ</em></strong></span> <span class='ocrx_word' id='word_1_156' title='bbox 967 2160 1025 2227; x_wconf 82' lang='grc' dir='ltr'><strong><em>διὰ</em></strong></span> <span class='ocrx_word' id='word_1_157' title='bbox 1037 2170 1108 2233; x_wconf 87' lang='grc' dir='ltr'><strong><em>τού</em></strong></span> <span class='ocrx_word' id='word_1_158' title='bbox 1117 2165 1211 2250; x_wconf 72' lang='grc' dir='ltr'><strong><em>ἆξον</em></strong></span> 
     </span>
    </p>

    <p class='ocr_par' dir='ltr' id='par_1_9' title="bbox 168 2267 1219 2787">
     <span class='ocr_line' id='line_1_21' title="bbox 168 2267 1219 2355; baseline 0.006 -16"><span class='ocrx_word' id='word_1_159' title='bbox 168 2291 202 2342; x_wconf 82' lang='grc' dir='ltr'><strong><em>νο</em></strong></span> <span class='ocrx_word' id='word_1_160' title='bbox 221 2276 371 2354; x_wconf 86' lang='grc' dir='ltr'><strong><em>είληπται</em></strong></span> <span class='ocrx_word' id='word_1_161' title='bbox 396 2269 436 2336; x_wconf 94' lang='grc' dir='ltr'><strong><em>δέ</em></strong></span> <span class='ocrx_word' id='word_1_162' title='bbox 456 2295 532 2336; x_wconf 93' lang='grc' dir='ltr'><strong><em>τινα</em></strong></span> <span class='ocrx_word' id='word_1_163' title='bbox 556 2282 674 2355; x_wconf 77' lang='grc' dir='ltr'><strong><em>σημεῖα</em></strong></span> <span class='ocrx_word' id='word_1_164' title='bbox 699 2267 752 2336; x_wconf 82' lang='grc' dir='ltr'><strong><em>ἐπὶ</em></strong></span> <span class='ocrx_word' id='word_1_165' title='bbox 774 2271 832 2353; x_wconf 89' lang='grc' dir='ltr'><strong><em>τής</em></strong></span> <span class='ocrx_word' id='word_1_166' title='bbox 855 2269 1058 2352; x_wconf 86' lang='grc' dir='ltr'><strong><em>ἐπιφανείας</em></strong></span> <span class='ocrx_word' id='word_1_167' title='bbox 1078 2273 1190 2344; x_wconf 88' lang='grc' dir='ltr'><strong><em>αὐτού</em></strong></span> <span class='ocrx_word' id='word_1_168' title='bbox 1214 2309 1219 2326; x_wconf 73' lang='grc'><strong>«</strong></span> 
     </span>
     <span class='ocr_line' id='line_1_22' title="bbox 218 2371 1219 2465; baseline -0.005 -21"><span class='ocrx_word' id='word_1_169' title='bbox 218 2384 263 2462; x_wconf 90' lang='grc' dir='ltr'><strong><em>Η,</em></strong></span> <span class='ocrx_word' id='word_1_170' title='bbox 278 2383 316 2462; x_wconf 79' lang='grc' dir='ltr'><strong><em>(δ,</em></strong></span> <span class='ocrx_word' id='word_1_171' title='bbox 340 2371 361 2443; x_wconf 75' lang='grc' dir='ltr'><em>ἃ</em></span> <span class='ocrx_word' id='word_1_172' title='bbox 382 2373 427 2462; x_wconf 89' lang='grc' dir='ltr'><strong><em>μή</em></strong></span> <span class='ocrx_word' id='word_1_173' title='bbox 451 2372 543 2443; x_wconf 78' lang='grc' dir='ltr'><strong><em>ἐστιν</em></strong></span> <span class='ocrx_word' id='word_1_174' title='bbox 567 2374 619 2443; x_wconf 84' lang='grc' dir='ltr'><strong><em>ἐπὶ</em></strong></span> <span class='ocrx_word' id='word_1_175' title='bbox 642 2377 700 2460; x_wconf 81' lang='grc' dir='ltr'><strong><em>τῆς</em></strong></span> <span class='ocrx_word' id='word_1_176' title='bbox 718 2381 862 2462; x_wconf 83' lang='grc' dir='ltr'><strong><em>πλευρᾶς</em></strong></span> <span class='ocrx_word' id='word_1_177' title='bbox 880 2382 942 2440; x_wconf 84' lang='grc' dir='ltr'><strong><em>τοῦ</em></strong></span> <span class='ocrx_word' id='word_1_178' title='bbox 960 2371 1018 2440; x_wconf 87' lang='grc' dir='ltr'><strong><em>διδι</em></strong></span> <span class='ocrx_word' id='word_1_179' title='bbox 1037 2383 1108 2447; x_wconf 84' lang='grc' dir='ltr'><strong><em>τοῦ</em></strong></span> <span class='ocrx_word' id='word_1_180' title='bbox 1129 2379 1219 2465; x_wconf 73' lang='grc' dir='ltr'><strong><em>ἆξον</em></strong></span> 
     </span>
     <span class='ocr_line' id='line_1_23' title="bbox 217 2477 1215 2573; baseline 0.002 -25"><span class='ocrx_word' id='word_1_181' title='bbox 217 2485 401 2569; x_wconf 90' lang='grc' dir='ltr'><strong><em>τριγώνου,</em></strong></span> <span class='ocrx_word' id='word_1_182' title='bbox 430 2478 529 2568; x_wconf 84' lang='grc' dir='ltr'><strong><em>καλή</em></strong></span> <span class='ocrx_word' id='word_1_183' title='bbox 553 2478 618 2549; x_wconf 87' lang='grc' dir='ltr'><strong><em>ιἰπὸ</em></strong></span> <span class='ocrx_word' id='word_1_184' title='bbox 643 2484 705 2548; x_wconf 82' lang='grc' dir='ltr'><strong><em>τού</em></strong></span> <span class='ocrx_word' id='word_1_185' title='bbox 727 2487 766 2546; x_wconf 88' lang='lat' dir='ltr'><em>H</em></span> <span class='ocrx_word' id='word_1_186' title='bbox 786 2480 838 2548; x_wconf 81' lang='grc' dir='ltr'><strong><em>ἐπὶ</em></strong></span> <span class='ocrx_word' id='word_1_187' title='bbox 862 2477 899 2546; x_wconf 88' lang='grc' dir='ltr'><strong><em>τὸ</em></strong></span> <span class='ocrx_word' id='word_1_188' title='bbox 923 2486 952 2547; x_wconf 81' lang='grc' dir='ltr'>Θ</span> <span class='ocrx_word' id='word_1_189' title='bbox 975 2481 1166 2573; x_wconf 79' lang='grc' dir='ltr'><strong><em>ἐπιζευγνυ</em></strong></span> <span class='ocrx_word' id='word_1_190' title='bbox 1214 2529 1215 2532; x_wconf 57' lang='lat'><em>=</em></span> 
     </span>
     <span class='ocr_line' id='line_1_24' title="bbox 218 2583 1201 2677; baseline 0 -22"><span class='ocrx_word' id='word_1_191' title='bbox 218 2586 336 2656; x_wconf 76' lang='grc' dir='ltr'><strong><em>εὐθεῖα</em></strong></span> <span class='ocrx_word' id='word_1_192' title='bbox 364 2586 409 2675; x_wconf 83' lang='grc' dir='ltr'><strong><em>μή</em></strong></span> <span class='ocrx_word' id='word_1_193' title='bbox 438 2587 520 2677; x_wconf 89' lang='grc' dir='ltr'><strong><em>νεύη</em></strong></span> <span class='ocrx_word' id='word_1_194' title='bbox 550 2589 601 2656; x_wconf 81' lang='grc' dir='ltr'><strong><em>ἐπί</em></strong></span> <span class='ocrx_word' id='word_1_195' title='bbox 631 2585 668 2655; x_wconf 86' lang='grc' dir='ltr'><strong><em>τὸ</em></strong></span> <span class='ocrx_word' id='word_1_196' title='bbox 693 2595 739 2671; x_wconf 87' lang='grc' dir='ltr'><strong><em>Α,</em></strong></span> <span class='ocrx_word' id='word_1_197' title='bbox 771 2584 792 2672; x_wconf 83' lang='grc' dir='ltr'><em>ἡ</em></span> <span class='ocrx_word' id='word_1_198' title='bbox 822 2583 887 2670; x_wconf 80' lang='grc' dir='ltr'><strong><em>ύρα</em></strong></span> <span class='ocrx_word' id='word_1_199' title='bbox 911 2586 961 2652; x_wconf 83' lang='grc' dir='ltr'><strong><em>ἐπὶ</em></strong></span> <span class='ocrx_word' id='word_1_200' title='bbox 983 2585 1025 2653; x_wconf 82' lang='grc' dir='ltr'><strong><em>τὰ</em></strong></span> <span class='ocrx_word' id='word_1_201' title='bbox 1052 2597 1108 2677; x_wconf 88' lang='grc' dir='ltr'><strong><em>Η,</em></strong></span> <span class='ocrx_word' id='word_1_202' title='bbox 1127 2602 1159 2662; x_wconf 84' lang='grc' dir='ltr'>Θ</span> <span class='ocrx_word' id='word_1_203' title='bbox 1188 2634 1201 2655; x_wconf 58' lang='grc' dir='ltr'><strong><em>ι</em></strong></span> 
     </span>
     <span class='ocr_line' id='line_1_25' title="bbox 219 2690 1175 2787; baseline 0.001 -27"><span class='ocrx_word' id='word_1_204' title='bbox 219 2696 422 2781; x_wconf 81' lang='grc' dir='ltr'><strong><em>ζευγνυμένη</em></strong></span> <span class='ocrx_word' id='word_1_205' title='bbox 443 2693 560 2761; x_wconf 86' lang='grc' dir='ltr'><strong><em>εὐθεία</em></strong></span> <span class='ocrx_word' id='word_1_206' title='bbox 578 2692 671 2774; x_wconf 86' lang='grc' dir='ltr'><strong><em>ἐντὸς</em></strong></span> <span class='ocrx_word' id='word_1_207' title='bbox 690 2705 836 2760; x_wconf 88' lang='grc' dir='ltr'><strong><em>πεσείται</em></strong></span> <span class='ocrx_word' id='word_1_208' title='bbox 854 2696 916 2760; x_wconf 84' lang='grc' dir='ltr'><strong><em>τοῦ</em></strong></span> <span class='ocrx_word' id='word_1_209' title='bbox 934 2690 1052 2760; x_wconf 91' lang='grc' dir='ltr'><strong><em>κώνου</em></strong></span> <span class='ocrx_word' id='word_1_210' title='bbox 1072 2701 1134 2767; x_wconf 84' lang='grc' dir='ltr'><strong><em>καὶ</em></strong></span> <span class='ocrx_word' id='word_1_211' title='bbox 1154 2699 1175 2787; x_wconf 75' lang='grc' dir='ltr'><em>ἡ</em></span> 
     </span>
    </p>

    <p class='ocr_par' dir='ltr' id='par_1_10' title="bbox 164 2796 1112 2889">
     <span class='ocr_line' id='line_1_26' title="bbox 164 2796 1112 2889; baseline 0.001 -25"><span class='ocrx_word' id='word_1_212' title='bbox 164 2822 198 2871; x_wconf 70' lang='grc' dir='ltr'><strong><em>τε</em></strong></span> <span class='ocrx_word' id='word_1_213' title='bbox 218 2796 336 2889; x_wconf 79' lang='grc' dir='ltr'><strong><em>εὐθείᾳ</em></strong></span> <span class='ocrx_word' id='word_1_214' title='bbox 359 2797 443 2887; x_wconf 81' lang='grc' dir='ltr'><strong><em>αὐτή</em></strong></span> <span class='ocrx_word' id='word_1_215' title='bbox 468 2799 574 2879; x_wconf 88' lang='grc' dir='ltr'><strong><em>ἐκτός·</em></strong></span> <span class='ocrx_word' id='word_1_216' title='bbox 599 2797 683 2868; x_wconf 89' lang='grc' dir='ltr'><strong><em>ῶστε</em></strong></span> <span class='ocrx_word' id='word_1_217' title='bbox 706 2799 760 2866; x_wconf 78' lang='grc' dir='ltr'><strong><em>καί</em></strong></span> <span class='ocrx_word' id='word_1_218' title='bbox 785 2802 843 2885; x_wconf 79' lang='grc' dir='ltr'><strong><em>τῆς</em></strong></span> <span class='ocrx_word' id='word_1_219' title='bbox 866 2805 970 2865; x_wconf 87' lang='grc' dir='ltr'><strong><em>ΔΖΕ</em></strong></span> <span class='ocrx_word' id='word_1_220' title='bbox 990 2806 1112 2888; x_wconf 81' lang='grc' dir='ltr'><strong><em>τομῆς,</em></strong></span> 
     </span>
    </p>
   </div>
   <div class='ocr_carea' id='block_1_5' title="bbox 218 3004 1218 3401">
    <p class='ocr_par' dir='ltr' id='par_1_11' title="bbox 218 3004 1218 3401">
     <span class='ocr_line' id='line_1_27' title="bbox 697 3004 752 3043; baseline 0.018 -1"><span class='ocrx_word' id='word_1_221' title='bbox 697 3004 752 3043; x_wconf 91' lang='grc' dir='ltr'><strong><em>ια.</em></strong></span> 
     </span>
     <span class='ocr_line' id='line_1_28' title="bbox 281 3079 1210 3178; baseline 0 -29"><span class='ocrx_word' id='word_1_222' title='bbox 281 3079 360 3150; x_wconf 81' lang='grc' dir='ltr'><strong><em>Ἐὰν</em></strong></span> <span class='ocrx_word' id='word_1_223' title='bbox 384 3086 492 3161; x_wconf 86' lang='grc' dir='ltr'><strong><em>κῶνος</em></strong></span> <span class='ocrx_word' id='word_1_224' title='bbox 516 3085 659 3173; x_wconf 83' lang='grc' dir='ltr'><strong><em>ἐπιπέδῳ</em></strong></span> <span class='ocrx_word' id='word_1_225' title='bbox 679 3086 791 3171; x_wconf 83' lang='grc' dir='ltr'><strong><em>τμηθή</em></strong></span> <span class='ocrx_word' id='word_1_226' title='bbox 811 3080 867 3149; x_wconf 84' lang='grc' dir='ltr'><strong><em>διὰ</em></strong></span> <span class='ocrx_word' id='word_1_227' title='bbox 887 3084 947 3150; x_wconf 89' lang='grc' dir='ltr'><strong><em>τού</em></strong></span> <span class='ocrx_word' id='word_1_228' title='bbox 966 3080 1107 3173; x_wconf 82' lang='grc' dir='ltr'><strong><em>ύίξονος,</em></strong></span> <span class='ocrx_word' id='word_1_229' title='bbox 1132 3116 1177 3178; x_wconf 75' lang='grc' dir='ltr'><strong><em>πμ</em></strong></span> <span class='ocrx_word' id='word_1_230' title='bbox 1206 3109 1210 3149; x_wconf 70' lang='grc' dir='ltr'><strong><em>ι</em></strong></span> 
     </span>
     <span class='ocr_line' id='line_1_29' title="bbox 218 3187 1218 3280; baseline 0.008 -26"><span class='ocrx_word' id='word_1_231' title='bbox 218 3188 255 3255; x_wconf 69' lang='grc' dir='ltr'><strong><em>δὲ</em></strong></span> <span class='ocrx_word' id='word_1_232' title='bbox 277 3189 333 3255; x_wconf 79' lang='grc' dir='ltr'><strong><em>καὶ</em></strong></span> <span class='ocrx_word' id='word_1_233' title='bbox 357 3189 458 3280; x_wconf 84' lang='grc' dir='ltr'><strong><em>ἑτέρῳ</em></strong></span> <span class='ocrx_word' id='word_1_234' title='bbox 482 3191 625 3279; x_wconf 88' lang='grc' dir='ltr'><strong><em>ἐπιπέδῳ</em></strong></span> <span class='ocrx_word' id='word_1_235' title='bbox 649 3192 804 3276; x_wconf 82' lang='grc' dir='ltr'><strong><em>τέμνοντι</em></strong></span> <span class='ocrx_word' id='word_1_236' title='bbox 831 3187 894 3274; x_wconf 83' lang='grc' dir='ltr'><strong><em>τήν</em></strong></span> <span class='ocrx_word' id='word_1_237' title='bbox 917 3187 1019 3273; x_wconf 76' lang='grc' dir='ltr'><strong><em>βῶσιν</em></strong></span> <span class='ocrx_word' id='word_1_238' title='bbox 1043 3198 1113 3263; x_wconf 87' lang='grc' dir='ltr'><strong><em>τοῦ</em></strong></span> <span class='ocrx_word' id='word_1_239' title='bbox 1132 3199 1218 3266; x_wconf 81' lang='grc' dir='ltr'><strong><em>κώνο</em></strong></span> 
     </span>
     <span class='ocr_line' id='line_1_30' title="bbox 289 3327 1173 3401; baseline 0.01 -18"><span class='ocrx_word' id='word_1_240' title='bbox 289 3335 330 3385; x_wconf 83' lang='lat'><strong><em>15.</em></strong></span> <span class='ocrx_word' id='word_1_241' title='bbox 359 3327 406 3400; x_wconf 80' lang='grc' dir='ltr'><strong><em>τά]</em></strong></span> <span class='ocrx_word' id='word_1_242' title='bbox 427 3332 490 3401; x_wconf 85' lang='lat' dir='ltr'>(pr.)</span> <span class='ocrx_word' id='word_1_243' title='bbox 513 3346 564 3400; x_wconf 83' lang='lat' dir='ltr'><strong><em>cp,</em></strong></span> <span class='ocrx_word' id='word_1_244' title='bbox 589 3346 659 3385; x_wconf 84' lang='lat' dir='ltr'>corr.</span> <span class='ocrx_word' id='word_1_245' title='bbox 679 3348 712 3385; x_wconf 86' lang='lat' dir='ltr'><strong><em>ex</em></strong></span> <span class='ocrx_word' id='word_1_246' title='bbox 735 3332 768 3400; x_wconf 80' lang='grc' dir='ltr'><strong><em>τῆ</em></strong></span> <span class='ocrx_word' id='word_1_247' title='bbox 792 3349 828 3386; x_wconf 90' lang='lat' dir='ltr'><strong><em>m.</em></strong></span> <span class='ocrx_word' id='word_1_248' title='bbox 849 3338 864 3385; x_wconf 79' lang='lat'><strong>2</strong></span> <span class='ocrx_word' id='word_1_249' title='bbox 884 3329 918 3385; x_wconf 87' lang='lat' dir='ltr'><strong><em>V.</em></strong></span> <span class='ocrx_word' id='word_1_250' title='bbox 1011 3335 1053 3386; x_wconf 85' lang='grc'><strong><em>16.</em></strong></span> <span class='ocrx_word' id='word_1_251' title='bbox 1082 3342 1173 3394; x_wconf 87' lang='grc' dir='ltr'><strong><em>ΔΕΖ</em></strong></span> 
     </span>
    </p>
   </div>
   <div class='ocr_carea' id='block_1_6' title="bbox 217 3339 1199 3543">
    <p class='ocr_par' dir='ltr' id='par_1_12' title="bbox 217 3339 1199 3543">
     <span class='ocr_line' id='line_1_31' title="bbox 217 3339 1199 3484; baseline 0.013 -30"><span class='ocrx_word' id='word_1_252' title='bbox 217 3405 269 3455; x_wconf 88' lang='grc' dir='ltr'><strong><em>ΔΖ</em></strong></span> <span class='ocrx_word' id='word_1_253' title='bbox 289 3402 322 3455; x_wconf 92' lang='lat' dir='ltr'><strong><em>V.</em></strong></span> <span class='ocrx_word' id='word_1_254' title='bbox 385 3407 428 3457; x_wconf 77' lang='lat'><strong><em>22.</em></strong></span> <span class='ocrx_word' id='word_1_255' title='bbox 447 3396 597 3473; x_wconf 89' lang='grc' dir='ltr'><strong><em>τριγώνου]</em></strong></span> <span class='ocrx_word' id='word_1_256' title='bbox 616 3402 666 3456; x_wconf 81' lang='grc' dir='ltr'><strong><em>τοῦ</em></strong></span> <span class='ocrx_word' id='word_1_257' title='bbox 687 3399 823 3470; x_wconf 81' lang='grc' dir='ltr'><strong><em>τριγώνου</em></strong></span> <span class='ocrx_word' id='word_1_258' title='bbox 842 3403 880 3468; x_wconf 83' lang='lat' dir='ltr'><strong><em>V;</em></strong></span> <span class='ocrx_word' id='word_1_259' title='bbox 901 3417 969 3456; x_wconf 81' lang='lat' dir='ltr'>corr.</span> <span class='ocrx_word' id='word_1_260' title='bbox 985 3419 1012 3471; x_wconf 91' lang='lat' dir='ltr'><strong><em>p.</em></strong></span> <span class='ocrx_word' id='word_1_261' title='bbox 1079 3412 1127 3466; x_wconf 76' lang='lat'><strong><em>28.</em></strong></span> <span class='ocrx_word' id='word_1_262' title='bbox 1147 3339 1199 3484; x_wconf 50' lang='grc' dir='ltr'><strong><em>μηδ</em></strong></span> 
     </span>
     <span class='ocr_line' id='line_1_32' title="bbox 217 3468 616 3543; baseline 0.005 -18"><span class='ocrx_word' id='word_1_263' title='bbox 217 3489 370 3542; x_wconf 78' lang='lat' dir='ltr'><strong>suprascr.</strong></span> <span class='ocrx_word' id='word_1_264' title='bbox 390 3490 427 3526; x_wconf 91' lang='lat' dir='ltr'><strong><em>m.</em></strong></span> <span class='ocrx_word' id='word_1_265' title='bbox 446 3479 462 3526; x_wconf 78' lang='lat'><strong>2</strong></span> <span class='ocrx_word' id='word_1_266' title='bbox 482 3473 516 3541; x_wconf 88' lang='lat' dir='ltr'><strong><em>V,</em></strong></span> <span class='ocrx_word' id='word_1_267' title='bbox 535 3468 568 3527; x_wconf 90' lang='grc' dir='ltr'><strong><em>ού</em></strong></span> <span class='ocrx_word' id='word_1_268' title='bbox 588 3491 616 3543; x_wconf 92' lang='lat' dir='ltr'><strong><em>p.</em></strong></span> 
     </span>
    </p>
   </div>
   <div class='ocr_carea' id='block_1_7' title="bbox 0 0 1224 3892">
    <p class='ocr_par' dir='ltr' id='par_1_13' title="bbox 0 0 1224 3892">
     <span class='ocr_line' id='line_1_33' title="bbox 0 0 1224 3892; baseline 0 3"><span class='ocrx_word' id='word_1_269' title='bbox 0 0 1224 3892; x_wconf 95' lang='lat' dir='ltr'><strong><em> </em></strong></span> 
     </span>
    </p>
   </div>
  </div>
 </body>
</html>
