2446 3916
411 153 627 206 corleonem
644 157 753 207 LIBER
771 157 807 208 Π.
1049 154 1115 221 257

99 295 276 380 coniugata
298 301 388 362 recta
410 298 473 362 erit
495 319 554 381 per
576 302 723 362 centrum
746 298 845 364 ducta
866 303 974 364 rectae
996 305 1117 384 puncta

101 405 269 467 contactus
293 403 504 488 coniungenti
526 404 692 487 parallelo.

168 510 235 574 sint
257 517 298 594 A,
316 514 346 574 B
370 510 530 574 sectiones
549 512 728 595 oppositae,
751 512 975 594 sectionesque
994 511 1118 577 contin-

101 620 182 703 gant
209 619 285 700 PX,
313 620 394 699 ΧΔ,
427 621 460 681 et
491 617 627 682 ducatur
654 619 722 682 ΓΔ
753 622 942 701 seceturque
975 617 1008 680 in
1036 617 1117 682 dua-s

99 727 210 807 partes
235 724 386 806 aequales
409 723 443 787 in
466 727 505 806 E,
529 728 562 788 et
585 723 721 788 ducatur
744 727 818 789 EX
858 724 940 806 dico,
963 727 1034 787 EX
1052 723 1118 788 dia·

99 833 240 894 metrum
264 850 348 913 esse,
372 836 461 894 recta
485 850 567 914 quae
590 834 739 913 uocatur,
762 834 984 894 transuersam
1009 833 1117 895 autem

739 956 812 999 cum
839 957 878 999 ea
907 936 1118 1020 coniugatam

652 1039 688 1088 A
738 1045 862 1106 rectam
884 1063 942 1126 per
969 1047 1116 1108 centrum

738 1151 845 1211 rectae
855 1149 918 1212 ΓΔ
926 1149 1117 1232 parallelum

739 1252 879 1317 ductam.

808 1359 852 1423 sit
874 1360 970 1445 enim,
994 1361 1023 1425 si
1047 1361 1118 1426 fieri

738 1468 924 1549 potesqnz
933 1466 1119 1549 diametrus,

741 1576 774 1634 et
793 1577 941 1636 sumatur
962 1575 1119 1657 prmctum

742 1677 873 1760 aliquod
898 1681 939 1761 Z3
967 1681 1041 1741 AX
1059 1678 1120 1763 igi·
1190 1700 1194 1707 ·

742 1789 797 1848 tur
834 1805 907 1848 cum
944 1788 1006 1847 ΕΖ
1044 1805 1122 1848 con-

744 1894 858 1956 curret.
895 1895 1066 1956 concurrat
1085 1892 1122 1956 in

103 2000 146 2080 Z,
178 1996 375 2079 duceturque
407 1998 486 2081 FZ3
523 1999 586 2060 ΓΖ
623 1997 724 2081 igitur
761 2020 833 2062 cum
867 1999 1008 2063 sectione
1045 2020 1121 2064 oon-

101 2105 209 2167 curret
233 2101 270 2185 [1,
294 2103 359 2184 32].
406 2107 577 2168 concurrat
599 2104 634 2167 in
656 2111 703 2187 A,
730 2112 762 2169 et
785 2126 845 2189 per
867 2111 900 2168 A
928 2109 1036 2170 rectae
1059 2107 1121 2170 ΓΔ

101 2210 260 2293 parallelo
287 2209 422 2274 ducatur
447 2213 522 2273 ΑΒ.
577 2210 643 2274 iam
672 2211 824 2295 quoniam
852 2214 915 2274 EZ
943 2212 1120 2276 diametrus

101 2321 153 2381 est
190 2321 223 2381 et
254 2320 377 2380 rectem
408 2319 492 2381 ΓΔΙ
515 2316 550 2379 in
583 2315 661 2380 duas
694 2320 805 2400 partes
839 2320 990 2401 aequales
1023 2320 1120 2396 secat,

102 2423 202 2487 etiem
236 2427 341 2488 rectas
374 2424 404 2486 ei
436 2423 609 2506 parallelas
642 2423 676 2487 in
707 2423 801 2487 binas
829 2426 939 2506 partes
969 2423 1120 2506 aequales

102 2533 192 2594 secat
216 2529 246 2610 [I
268 2530 330 2595 def.
348 2531 393 2611 4].
443 2529 552 2613 itaque
575 2537 607 2594 A
615 2533 652 2592 H
662 2560 703 2582 =
719 2534 798 2594 ΗΒ.
837 2533 869 2592 et
892 2527 1048 2613 quoniam
1072 2535 1122 2594 est

102 2639 319 2718 rn=nA‚
352 2640 385 2701 et
417 2636 452 2699 in
483 2636 649 2720 triangulo
683 2640 759 2700 sunt
787 2637 900 2717 ΓΖΔ,
934 2634 996 2698 erit
1023 2635 1122 2699 etiam

102 2745 320 2808 AH=HK
348 2742 452 2823 [Eucl.
476 2741 601 2823 V1‚4].
647 2764 746 2826 quare
774 2741 874 2806 etiam
896 2743 1122 2827 HK=HB3

103 2851 188 2934 quod
215 2850 286 2914 fieri
313 2871 377 2914 non
408 2852 524 2933 potest.
572 2869 650 2932 ergo
673 2852 736 2912 ΕΖ
761 2848 938 2913 diametrus
961 2870 1028 2913 non
1051 2850 1123 2914 erit.

536 3042 686 3108 XXXIX.

170 3165 205 3232 si
232 3167 314 3233 duae
340 3172 448 3232 rectae
471 3172 698 3232 concurrentes
723 3167 892 3252 oppositas
917 3167 1123 3252 contingunt,

101 3278 194 3340 recta
206 3297 266 3359 per
280 3279 425 3340 centrum
439 3279 661 3361 punctumque
676 3295 852 3339 concursus
863 3274 1122 3358 contingentium

102 3380 200 3445 ducta
227 3386 351 3447 rectam
374 3386 494 3465 puncta
517 3385 685 3446 contactus
710 3380 962 3464 coniungentem
985 3379 1020 3441 in
1043 3376 1123 3442 duae

102 3489 214 3570 partes
238 3489 390 3571 aequales
414 3492 512 3553 secat.

157 3600 347 3653 Apolloniae,
362 3603 396 3643 ed
411 3602 521 3655 Heiberg.
914 3593 953 3640 Ἦ
