2438 3892
122 118 189 183 306
522 115 688 169 Κααωαα
707 111 745 188 ρ’.

191 265 275 327 ἐστω
295 263 451 342 ἔλλειψις,
474 248 514 343 ἧς
532 258 649 337 ἄξονες
667 255 729 342 μὲν
749 258 783 323 οἴ
800 262 883 341 ΑΒ,
901 262 986 342 ΓΔ,
1004 258 1127 343 κέντρον

87 447 91 453 ,
125 367 162 435 δὲ
194 364 231 434 τὸ
262 372 307 451 Ε,
339 369 458 451 μείζων
488 363 525 431 δὲ
554 368 636 430 ἔστω
664 366 733 429 τῶν
762 361 896 444 ἀξόνων
925 360 946 448 ἡ
976 370 1054 448 ΑΒ,
1081 363 1126 430 καὶ

125 473 325 559 ἐφαπτέσθω
353 482 411 557 τῆς
432 481 535 557 τομῆς
558 466 577 555 ἡ
601 474 722 554 ΗΖΛ,
750 468 807 535 καῖ
832 468 1081 556 ἐπεζεύχθωσαν
1100 471 1130 534 αἴ

127 589 158 647 Α
165 586 207 665 Γ,
221 584 282 646 ΓΒ
289 628 298 662 ,
314 585 391 663 ΖΕ,
411 576 467 643 καὶ
486 578 699 661 ἐκβεβλήσθω
719 572 739 660 ἡ
759 580 827 641 ΒΓ
842 576 895 642 ἐπὶ
913 573 952 644 τὸ
973 583 1013 643 Λ.
1048 577 1128 661 λέγω,

89 683 177 758 εὸτι
219 682 281 751 οὐκ
323 681 474 751 ἐλάσσων
512 683 603 750 ἐστὶν
642 678 662 767 ἡ
701 678 766 748 ὑπὸ
804 688 908 748 ΛΖΕ
943 688 1049 768 γωνία
1081 692 1128 766 τῆς

125 789 191 859 ὑπὸ
216 795 327 857 ΑΓΛ.
657 774 660 781 ’

191 893 212 982 ἡ
240 895 304 982 γὰρ
336 901 401 961 ΖΕ
425 898 465 982 τῇ
490 900 554 960 ΛΒ
582 892 658 979 ἤτοι
685 892 897 982 παράλληλός
925 897 1018 962 ἐστιν
1043 890 1063 979 ἢ
1089 895 1128 961 οὔ.

192 1007 275 1070 ἔστω
298 1000 466 1088 πρότερον
489 999 714 1086 παράλληλος·
755 1005 815 1066 καί
835 1002 927 1068 ἐστιν
953 1009 1008 1087 ἴση
1031 998 1052 1087 ἡ
1074 1005 1129 1066 ΑΕ

125 1113 163 1198 τῇ
188 1116 264 1175 ΕΒ·
312 1117 366 1192 ἴση
396 1107 462 1194 ἄρα
490 1107 545 1173 καὶ
572 1103 593 1192 ἡ
618 1114 684 1173 ΑΘ
710 1109 750 1195 τῇ
773 1111 844 1174 ΕΓ.
889 1113 950 1173 καί
976 1109 1044 1175 ἐστι
1071 1104 1128 1174 βια-

73 1238 107 1287 10
126 1240 243 1302 μετρος
265 1211 286 1299 ἡ
310 1220 386 1279 ΖΕ·
427 1210 448 1298 ἡ
473 1213 539 1298 ἄρα
561 1211 644 1279 κατὰ
668 1211 705 1280 τὸ
729 1220 757 1279 Ζ
781 1214 997 1299 ἐφαπτομένη
1020 1212 1129 1301 παράλ·

125 1325 225 1408 ληλός
252 1320 321 1387 ἐστι
348 1323 388 1408 τῇ
412 1329 444 1386 Α
452 1325 488 1385 Γ.
533 1323 601 1386 ἐστι
631 1318 667 1386 δέ
694 1318 750 1386 καὶ
774 1318 794 1405 ἡ
820 1325 886 1386 ΖΕ
907 1331 949 1406 τῇ
975 1326 1039 1387 ΛΒ
1061 1345 1127 1403 παρ·

126 1425 282 1513 άλληλος·
338 1424 689 1512 παραλληλόγραμμον
723 1426 789 1510 ἄρα
823 1425 891 1491 ἐστὶ
923 1423 963 1493 τὸ
997 1431 1126 1508 ΖΘΓΛ,

26 1544 28 1549 '
125 1533 181 1599 καὶ
210 1531 266 1600 διὰ
295 1542 394 1600 τοῦτο
423 1541 477 1619 ἴση
506 1531 596 1598 ἐστὶν
623 1528 645 1617 ἡ
670 1527 735 1598 ὑπὸ
760 1537 859 1598 ΛΖΘ
881 1535 922 1619 τῇ
947 1529 1013 1600 ὑπὸ
1038 1537 1126 1615 ΑΓΘ.

192 1638 248 1706 καῖ
276 1639 345 1707 ἐπεὶ
374 1644 494 1726 μείζων
523 1638 612 1705 ἐστὶν
639 1637 777 1725 ἑκατέρα
799 1648 868 1706 τῶν
892 1645 976 1725 ΑΕ,
1001 1645 1062 1706 ΕΒ
1082 1648 1125 1722 τῆς

75 1769 107 1817 15
127 1750 204 1830 ΕΓ,
232 1743 374 1832 ἀμβλεῖα
403 1749 494 1812 ἐστιν
522 1741 542 1830 ἡ
570 1741 636 1811 ὑπὸ
663 1750 773 1811 ΑΓΒ·
820 1742 910 1825 ὀξεῖα
926 1745 1006 1830 Ιἄρα
1034 1740 1126 1830 ηὑτὸ

127 1856 235 1917 ΛΓΑ.
273 1848 357 1918 ὥστε
382 1852 437 1918 καὶ
458 1848 478 1936 ἡ
498 1848 564 1918 ὑπὸ
585 1857 694 1917 ΛΖΕ.
730 1851 786 1917 καὶ
805 1848 862 1918 διὰ
881 1854 983 1920 τοῦτο
1002 1846 1125 1939 ἄμβλεῑά

127 1957 217 2022 ἐστιν
241 1953 261 2041 ἡ
285 1953 351 2024 ὑπὸ
376 1962 487 2024 ΗΖΕ.
702 2042 706 2051 q

145 2109 148 2114 -
193 2059 237 2146 μὴ
262 2065 345 2128 ἐστω
371 2061 413 2148 δὴ
437 2059 458 2147 ἡ
482 2069 545 2129 ΕΖ
569 2067 609 2152 τῇ
635 2070 699 2130 ΛΒ
722 2064 945 2150 παράλληλος,
969 2063 1025 2131 καὶ
1048 2062 1127 2150 ἤχθω

125 2167 268 2245 κάθετος
295 2164 315 2252 ἡ
341 2175 419 2235 ΖΚ·
467 2168 529 2236 οὐκ
555 2167 621 2258 ἄρα
650 2178 705 2255 ἴση
731 2170 820 2237 ἐστὶν
844 2166 864 2255 ἡ
888 2167 955 2238 ὑπὸ
981 2177 1082 2237 ABE
1097 2169 1128 2252 τῇ

73 2299 107 2347 20
125 2271 191 2341 ὑπὸ
215 2280 323 2341 ΖΕΑ.
366 2270 454 2360 ὀρθὴ
479 2274 515 2342 δὲ
539 2272 560 2360 ἡ
584 2275 668 2361 πρὸς
690 2280 735 2366 τῷ
761 2283 793 2342 Ε
814 2273 903 2363 ὀρθῇ
926 2280 967 2363 τῇ
990 2276 1075 2363 πρὸς
1093 2277 1131 2362 τῷ

127 2386 162 2446 Κ
182 2382 272 2449 ἐστιν
296 2389 351 2467 ἴση
377 2379 453 2465 [οὐκ
477 2380 541 2470 ἄρα
565 2380 687 2468 ὅμοιόν
712 2385 780 2449 ἐστι
803 2380 840 2450 τὸ
862 2388 958 2449 ΓΕΒ
978 2389 1132 2468 τρίγωνον

126 2493 171 2580 τῷ
197 2493 331 2572 ΖΕΚ]·
379 2488 441 2556 οὐκ
464 2490 530 2576 ἄρα
554 2493 660 2574 ἐστίν,
690 2486 733 2567 ὡς
756 2486 793 2556 τὸ
818 2484 882 2555 ἀπὸ
910 2496 977 2555 ΒΕ
997 2489 1081 2575 πρὸς
1100 2486 1131 2555 τὸ

126 2592 191 2664 ἀπὸ
217 2602 294 2682 ΕΓ,
322 2594 360 2665 τὸ
384 2593 449 2663 ἀπὸ
470 2601 538 2661 ΕΚ
560 2593 644 2681 πρὸς
666 2593 703 2661 τὸ
729 2591 793 2661 ἀπὸ
817 2601 893 2661 ΚΖ.
940 2593 1015 2662 ἀλλ’
1039 2594 1082 2675 ὡς
1101 2592 1133 2661 τὸ

127 2699 191 2769 νἰττὸ
211 2710 277 2770 ΒΕ
297 2707 380 2788 πρὸς
403 2700 440 2770 τὸ
464 2699 528 2769 αἰττὸ
549 2707 625 2787 ΕΓ,
649 2700 687 2769 τὸ
711 2698 777 2768 ὑπὸ
797 2708 896 2766 ΑΕΒ
916 2700 1001 2787 πρὸς
1020 2702 1057 2770 τὸ
1077 2699 1133 2768 ἀπὸ

73 2829 107 2877 25
127 2813 194 2871 ΕΓ
211 2809 266 2874 καὶ
290 2806 311 2893 ἡ
335 2814 459 2894 πλαγία
482 2806 565 2894 πρὸς
587 2805 648 2894 τὴν
673 2806 797 2905 ὀρβίαν
816 2805 927 2873 καὶτὸ
950 2804 1017 2876 ὑπὸ
1037 2815 1076 2876 Η
1079 2814 1139 2876 ΚΕ

126 2910 210 2994 πρὸς
232 2911 270 2978 τὸ
296 2910 360 2981 ἆντό
385 2922 461 2981 ΚΖ.
508 2912 569 2980 οὐκ
592 2915 657 3001 ἄρα
682 2917 790 2998 ἐστίν,
815 2909 859 2990 ὡς
882 2910 921 2979 τὸ
946 2911 1012 2981 ἀπὸ
1038 2920 1141 2982 ΗΚΒ

126 3015 208 3097 πρὸς
231 3014 268 3083 τὸ
293 3015 357 3086 νἰττὸ
378 3027 459 3106 ΚΖ,
483 3017 520 3086 τὸ
545 3016 610 3087 ἀπὸ
632 3028 701 3086 ΚΕ
721 3018 804 3107 πρὸς
826 3018 863 3085 τὸ
884 3015 947 3085 ἀπὸ
970 3026 1047 3087 ΚΖ.
1084 3019 1140 3088 οὐκ

199 3251 223 3297 2.
243 3247 340 3312 μεῖζον
358 3247 397 3313 V3
421 3265 489 3302 corr.
509 3267 536 3317 p.
608 3244 720 3318 ἡ]ὃρ.
795 3248 1059 3318 16.ΛΓΑ]ΛΓΔ,
1086 3257 1142 3303 Λα

129 3333 197 3370 corr.
217 3334 252 3369 m.
275 3322 298 3380 1,
317 3315 357 3382 λῖς
377 3335 446 3373 corr.
467 3339 493 3388 p.
567 3326 608 3375 17.
634 3320 728 3390 HZE]
749 3324 830 3373 ZHE
850 3320 887 3386 V;
907 3336 978 3372 corr.
997 3337 1026 3388 p.
1102 3326 1141 3375 18.

127 3388 190 3458 ΑΒ]
206 3405 229 3455 α,
248 3391 299 3440 ΛΑ
314 3405 340 3453 v,
357 3389 385 3441 et
399 3389 462 3444 fort.
474 3388 508 3455 V,
527 3391 626 3458 inquo
642 3410 660 3443 α
676 3392 705 3444 et
750 3390 902 3445 difficulter
917 3389 1143 3460 distinguuntur3

54 3461 59 3471 ‘
127 3463 178 3512 BA
197 3477 223 3528 p.
299 3464 340 3512 23.
361 3455 392 3512 τὸ
408 3455 717 3515 cinam-2413?
752 3460 1062 3528 om.V;corr.Oomm.
