2438 3892
424 179 639 233 ooruconuu
656 184 806 237 umeri
1059 186 1123 251 155

98 322 156 387 cst
179 322 290 386 autem

277 448 409 514 ΛΜ><
422 449 550 509 MP==
565 451 695 519 ME><
711 448 801 538 (ΜΞ
814 455 853 532 -Ι-
869 448 967 537 EA);

101 590 206 655 quere
230 568 330 635 etiam

332 677 425 743 AM²
441 710 482 733 =
497 684 629 750 nur><
643 680 732 768 (Mo
748 685 788 765 ψ
804 680 910 771 snut

99 806 133 869 ct
157 805 228 868 ΣΕ
242 831 284 855 ==
298 805 372 887 ΣΘ,
395 808 461 869 ΣΘ
475 835 517 857 =
535 809 608 870 ΟΠ
628 806 730 888 [Flucl.
754 807 782 890 I,
806 808 873 889 34].
916 831 994 895 ergo

416 925 511 992 AM²
525 958 568 981 =
582 933 661 994 ΕΜ
669 946 712 999 ><
726 935 812 999 ΜΠ.

586 1141 638 1208 LI.

169 1283 205 1351 si
235 1288 325 1351 recta
352 1286 543 1370 alterutram
572 1289 796 1372 oppositarum
824 1296 1016 1379 contingens
1046 1319 1119 1362 oum

100 1392 259 1459 diametro
278 1392 451 1477 concurrit,
470 1396 502 1457 et
520 1414 578 1477 per
598 1401 755 1481 punctum
773 1403 944 1465 contactus
958 1407 1121 1468 centrum·

99 1524 162 1590 que
177 1502 268 1567 recta
281 1523 383 1587 usquc
402 1503 442 1570 ad
458 1506 596 1571 alteram
611 1505 789 1570 sectionem
803 1504 1000 1593 producitur,
1018 1530 1038 1573 a
1052 1530 1122 1573 uer·

99 1611 164 1677 tice
179 1612 290 1676 cutem
299 1614 389 1677 recta
399 1611 547 1676 ordinate
557 1612 671 1677 ductae
681 1613 840 1696 parallela
854 1612 982 1709 ducitur
997 1617 1030 1678 et
1045 1635 1120 1679 cum

98 1721 190 1783 recta
215 1737 275 1802 per
300 1721 458 1803 punctum
486 1722 656 1784 contactus
684 1721 895 1805 centrumque
923 1719 1020 1784 ducta
1043 1742 1118 1786 con-

98 1823 211 1908 currit,
229 1825 263 1889 at
275 1824 324 1911 fit,
342 1827 379 1890 ut
392 1846 470 1909 pars
488 1826 708 1910 contingentis
723 1826 809 1892 inter
824 1826 971 1892 ordinate
987 1827 1117 1893 ductam

97 1932 318 2016 punctumque
351 1933 520 1997 contactus
552 1933 661 2016 posita
693 1932 734 1998 ad
765 1936 893 2017 partem
924 1937 1031 1999 rectae
1059 1956 1118 2020 per

98 2040 259 2124 punctum
286 2040 456 2104 contactus
483 2040 692 2122 centrumque
716 2039 830 2105 ductae
853 2040 939 2105 inter
961 2044 1119 2125 punctum

98 2145 268 2210 contactus
284 2147 317 2209 et
326 2143 473 2209 ordinate
483 2143 613 2209 ductam
622 2145 773 2229 positam,
786 2146 833 2210 ita
846 2150 936 2212 recta
954 2148 1063 2232 aliqua
1078 2147 1118 2212 ad

99 2250 233 2335 duplam
264 2249 501 2336 contingentis,
534 2271 740 2336 quaecunque
772 2255 861 2317 recta
892 2253 927 2316 in
960 2254 1118 2318 alterutra

100 2356 244 2424 sectione
268 2355 309 2423 ad
328 2360 452 2421 rectam
469 2379 527 2442 per
545 2360 702 2442 punctum
721 2360 890 2423 contactus
909 2363 1119 2442 centrumque

100 2463 233 2531 ductam
250 2463 454 2549 contingenti
471 2465 628 2549 parallela
644 2464 780 2547 ducitur,
799 2463 958 2548 quadrata
973 2463 1118 2547 aequalis

99 2571 163 2637 erit
184 2570 374 2656 rectengulo
393 2573 501 2634 rectae
521 2570 712 2655 adsumptae
732 2568 892 2654 adplicato
912 2568 1119 2634 latitudinem

100 2676 239 2743 habenti
256 2680 380 2743 rectam
398 2676 439 2740 ab
458 2676 517 2742 illa
536 2676 577 2741 ad
594 2680 753 2761 punctum
772 2678 939 2743 contactus
957 2675 1119 2741 abscisam

98 2783 267 2850 excedenti
289 2783 395 2867 figura
419 2782 520 2847 simili
544 2783 649 2867 spatio
670 2783 902 2869 comprehenso
922 2785 1011 2848 recta
1030 2782 1116 2849 inter

99 2889 271 2975 oppositas
293 2889 404 2974 posita
426 2892 579 2974 rectaque
602 2888 784 2974 adsumpta.

168 2997 236 3064 siut
254 2995 434 3082 oppositae,
457 3017 594 3081 quarum
614 2996 790 3061 diametrus
810 2997 852 3062 sit
874 3003 948 3084 AB,
972 3003 1119 3066 centrum

100 3109 210 3172 autem
241 3108 285 3188 E,
319 3105 352 3167 et
384 3102 561 3168 sectionem
594 3106 622 3165 Β
655 3103 846 3189 contingens
881 3107 1015 3172 ducatur
1044 3109 1119 3191 ΓΔ,

102 3213 305 3298 duceturque
328 3212 392 3274 ΓΕ
409 3212 441 3273 et
459 3209 665 3294 producatur,
689 3211 836 3277 ordinate
855 3217 964 3279 autem
983 3213 1119 3278 ducatur

101 3323 220 3403 ΒΑΗ,
252 3322 285 3384 et
311 3318 371 3382 fiat
398 3318 800 3382 Ar2FH=K22rA
858 3320 925 3385 iam
952 3322 1057 3384 rectas
1084 3319 1119 3381 in

102 3426 247 3494 rectione
274 3427 341 3489 ΒΓ
359 3425 467 3488 rectae
494 3423 559 3486 ΓΛ
582 3422 756 3507 parallelas
780 3426 820 3490 ad
843 3428 910 3489 ΕΓ
928 3425 1119 3510 productam

101 3532 214 3601 ductas
244 3531 420 3618 quadratas
449 3528 598 3614 aequales
627 3551 697 3595 esse
726 3532 840 3615 spatiis
868 3533 975 3595 rectae
1003 3533 1038 3593 K
1065 3528 1120 3594 ad-
