2438 3892
136 142 180 207 50
532 138 700 192 ΚΩΝΙΚΩΝ
718 135 759 193 α’.

135 280 234 369 κοινῆ
258 281 296 351 δέ
318 281 402 369 τομὴ
426 285 489 350 τοῦ
511 282 691 368 τέμνοντος
714 281 873 347 ἐπιπέδου
896 279 1047 364 καὶτοῦ,
1071 269 1156 367 ἐνῷ

137 392 228 459 ἐστιν
255 387 276 476 M
305 387 403 476 βάσις
429 391 491 456 τοῦ
518 386 647 473 κοόνου,
676 391 759 454 έστω
788 382 809 472 M
841 393 912 453 ΖΗ
935 383 1020 472 πρὸς
1048 383 1158 470 ὀρθὰς

137 488 224 566 οὖσα
246 506 287 586 τῇ
310 501 386 582 ΒΓ,
410 491 431 581 M
456 493 494 563 δὲ
517 492 694 581 διάμετρος
715 496 774 579 τῆς
796 496 899 579 τομῆς
923 497 1005 560 ἔστω
1029 489 1050 578 M
1070 500 1155 577 EA,

141 604 197 673 καὶ
219 602 286 672 ἀπὸ
310 605 371 670 τοῦ
393 609 426 669 E
446 604 486 690 τῆ
509 608 577 668 EA
599 597 683 688 πρὸς
705 597 814 686 ὀρθὰς
836 599 933 686 ἤχθω
957 596 978 685 M
998 605 1076 685 ΕΘ,
1099 599 1156 667 καὶ

100 709 193 780 οιλιὰ
216 711 288 802 {vos}
319 718 352 776 A
383 711 422 797 τῇ
455 715 525 775 EA
556 707 767 794 παράλληλος
799 703 896 793 ἤχθω
928 702 949 792 ἤ
983 712 1068 791 ΑΚ,
1101 706 1157 774 καὶ

136 817 333 903 πεποιήσθω
358 811 403 895 ὥς
425 812 462 882 τὸ
487 811 553 881 ἀπὸ
572 819 645 880 ΑΚ
664 812 748 899 πρὸς
769 810 807 882 τὸ
826 809 891 881 ὑπὸ
912 819 1024 900 ΒΚΓ,
1049 813 1157 893 οὕτως

137 923 159 1011 M
179 931 249 992 AE
269 921 352 1007 πρὸς
374 919 438 1007 τὴν
456 927 533 1006 ΕΘ,
557 919 613 987 καὶ
636 921 788 1006 εἰλήφθω
811 945 842 988 τι
866 933 1004 1006 σημεῖον
1026 919 1080 987 ἐπὶ
1097 930 1157 1006 τῆς

137 1033 240 1117 τομῆς
261 1027 299 1097 τό
319 1034 362 1114 Λ,
385 1027 441 1094 καὶ
465 1023 521 1094 διὰ
543 1037 604 1094 τοῦ
623 1034 654 1093 Λ
676 1029 716 1115 τῇ
737 1032 810 1093 ΖΗ
827 1025 1038 1112 παράλληλος
1059 1025 1156 1114 ἤχθω

139 1134 160 1224 M
180 1141 266 1205 AM.
302 1136 398 1220 λέγω,
423 1130 474 1201 ὅτι
497 1129 518 1219 ἤ
539 1139 619 1201 AM
637 1131 782 1202 δύναταί
801 1158 832 1200 τι
854 1138 990 1220 χωρίον,
1015 1129 1158 1220 {3an&-

85 1259 121 1310 10
139 1268 245 1312 κειται
272 1239 361 1327 παρὰ
388 1238 452 1326 τὴν
475 1246 538 1308 ΕΘ
564 1241 688 1320 πλάτος
716 1244 793 1325 έχον
824 1235 885 1325 τὴν
908 1247 984 1308 ΕΜ
1005 1241 1159 1308 ἐλλεῖπον

141 1353 224 1418 εἴδει
247 1344 353 1438 ὁμοίῳ
376 1351 423 1438 τῷ
446 1343 512 1415 ὑπὸ
536 1350 604 1414 τῶν
626 1353 737 1414 ΔΕΘ.

209 1447 396 1544 έπεζέύχθω
420 1451 484 1541 γὰρ
507 1450 528 1540 M
548 1460 629 1541 ΔΘ,
650 1454 707 1521 καὶ
731 1451 787 1520 διὰ
812 1452 874 1539 μέν
896 1457 958 1521 τοῦ
977 1459 1022 1519 Μ
1034 1456 1075 1542 τῇ
1095 1461 1161 1521 ΘΒ

140 1563 353 1652 παράλληλος
375 1558 472 1648 ἤχθω
495 1557 516 1647 M
540 1562 665 1645 ΜΞΝ,
690 1557 746 1627 διὰ
771 1558 809 1627 δὲ
831 1563 899 1627 τῶν
918 1566 957 1645 Θ,
976 1561 1006 1635 Ξ
1025 1563 1066 1648 τῇ
1085 1566 1165 1627 EM

141 1671 351 1758 παράλληλοι
373 1667 537 1754 ἤχθωσαν
561 1669 598 1734 αλ
613 1673 697 1751 ΘΝ,
719 1669 797 1752 ΞΟ,
820 1666 876 1735 καὶ
900 1664 956 1733 διὰ
978 1677 1039 1735 τοῦ
1057 1673 1099 1734 Μ
1120 1676 1159 1755 τῇ

90 1793 124 1844 16
142 1782 209 1844 ΒΓ
232 1773 444 1860 παράλληλος
470 1771 566 1859 ἤχθω
594 1769 615 1859 M
639 1780 757 1841 HMP.
799 1773 868 1841 ἐπεὶ
898 1764 960 1840 οὖν
988 1770 1099 1859 ἡΠΡ
1119 1775 1159 1862 τῇ

141 1887 208 1950 ΒΓ
234 1877 448 1968 παράλληλός
480 1882 587 1966 ἐστιν,
620 1884 689 1948 ἔστι
711 1878 761 1947 ’θὲ
786 1880 843 1947 καὶ
871 1877 892 1967 M
921 1887 1002 1946 AM
1024 1883 1064 1968 τῇ
1093 1887 1165 1947 ΖΗ

142 1986 365 2076 παράλληλος,
387 1984 424 2053 τὸ
449 1984 515 2073 ἤρα
538 1985 594 2053 διὰ
613 1990 682 2055 τῶν
701 1994 732 2053 Λ
739 1992 792 2072 Μ,
816 1993 884 2054 ΠΡ
900 1989 1059 2054 έπίπεθον
1078 2009 1160 2073 ποιο-

143 2092 293 2180 άλληλόν
317 2094 386 2161 ἐστι
408 2095 454 2185 τῷ
478 2091 534 2160 διὰ
558 2096 627 2162 τῶν
648 2100 730 2179 ΖΗ,
753 2099 819 2160 ΒΓ
834 2095 989 2183 ἐπιπέδῳ,
1011 2094 1162 2162 τουτέστι

143 2213 185 2292 τῇ
209 2200 306 2288 βάσει
327 2210 389 2269 τοῦ
412 2198 535 2268 κώνου.
572 2197 631 2268 ἐὰν
655 2198 721 2286 ἤρα
740 2202 888 2289 ἐκβληθῇ
909 2198 964 2267 διὰ
983 2204 1051 2267 τῶν
1071 2206 1161 2284 ΛΜ,

90 2329 125 2378 20
146 2315 215 2376 ΠΡ
238 2310 412 2391 ἐπίπεδον,
440 2306 461 2393 M
488 2305 572 2393 τομὴ
595 2306 718 2386 κύκλος
741 2312 847 2392 ἔσται,
876 2298 917 2375 οὗ
941 2307 1117 2393 διάμετρος
1141 2303 1160 2392 M

145 2422 218 2484 ΠΡ.
259 2420 317 2482 καί
338 2411 408 2482 ἔστι
429 2411 572 2493 κάθετος
590 2410 640 2481 ἐπ’
663 2411 768 2499 αὐτὴν
787 2411 808 2500 M
829 2420 916 2480 AM·
953 2412 991 2481 τὸ
1011 2413 1077 2498 ἤρα
1094 2410 1162 2480 ὑπὸ

145 2525 213 2589 τῶν
232 2528 270 2588 Π
273 2527 348 2589 ΜΡ
367 2529 442 2590 λσον
461 2520 531 2589 ἐστὶ
549 2524 595 2613 τῷ
615 2518 680 2588 ιἰπό
700 2524 758 2607 τῆς
777 2526 861 2590 ΛΜ.
897 2521 952 2588 καὶ
974 2522 1045 2587 ἐπεί
1061 2523 1163 2606 ἐστιν,

146 2625 191 2706 ὡς
218 2627 256 2696 τὸ
285 2625 351 2695 ἀπὸ
379 2631 438 2714 τῆς
460 2632 532 2695 ΑΚ
558 2624 641 2715 πρὸς
667 2625 703 2696 τί.
734 2624 800 2695 ὑπὸ
823 2631 892 2695 τῶν
915 2634 1029 2712 ΒΚΓ,
1057 2626 1164 2705 οὕτως

146 2731 167 2818 M
190 2740 259 2801 EA
281 2733 364 2822 πρὸς
386 2733 448 2821 τὴν
472 2741 550 2820 ΕΘ,
575 2731 592 2801 ὁ
616 2733 654 2802 δέ
676 2737 737 2803 τοῦ
761 2730 826 2802 ιἰττὸ
849 2737 908 2820 τῆς
927 2741 998 2801 ΑΚ
1018 2733 1102 2819 πρὸς
1125 2733 1163 2801 τὸ

95 2862 129 2911 25
148 2837 214 2908 ὑπὸ
237 2843 306 2908 τῶν
324 2847 429 2909 ΒΚΓ
447 2840 547 2927 λόγος
570 2842 739 2928 σύγκειται
763 2843 799 2909 έκ
816 2845 888 2925 τοῦ,
912 2836 953 2908 ὃν
971 2845 1036 2926 ἔχει
1055 2837 1075 2925 M
1096 2846 1167 2907 ΑΚ

49 2919 57 2951 ⁴
149 2944 234 3032 πρὸς
256 2952 339 3032 ΚΒ,
366 2947 423 3015 καὶ
449 2944 469 3034 M
494 2954 565 3015 ΑΚ
590 2946 672 3034 πρὸς
695 2953 775 3033 ΚΓ,
803 2944 876 3014 ἀλλ’
899 2944 943 3026 ὡς
966 2948 1027 3033 μὲν
1050 2943 1071 3032 M
1095 2952 1167 3012 ΑΚ

150 3051 235 3138 πρὸς
257 3059 340 3138 ΚΒ,
369 3051 475 3133 οὕτως
502 3051 522 3139 M
546 3061 620 3121 ΕΗ
637 3052 721 3140 πρὸς
743 3061 826 3139 ΗΒ,
854 3057 1024 3122 τουτέστιν
1048 3049 1068 3138 M
1093 3059 1171 3120 ΕΜ

151 3158 237 3247 πρὸς
255 3166 349 3245 ΜΠ,
373 3157 418 3240 ὡς
441 3159 479 3228 δέ
497 3157 518 3247 M
538 3167 608 3227 ΑΚ
624 3159 707 3246 πρὸς
725 3167 805 3245 ΚΓ,
829 3158 934 3240 οὕτως
953 3157 972 3247 M
994 3166 1070 3228 AH
1083 3158 1168 3244 πρὸς

150 3273 233 3350 ΗΓ,
255 3268 426 3335 τουτέστιν
450 3264 470 3353 M
490 3274 573 3335 AM
588 3266 671 3355 πρὸς
690 3275 775 3354 ΜΡ,
800 3264 816 3336 ὁ
838 3265 903 3355 ἄρα
921 3271 980 3353 τῆς
998 3275 1069 3334 ΛΕ
1084 3266 1168 3354 πρὸς

223 3432 249 3484 4.
269 3428 462 3499 ΕΘ]οοοπ.
481 3427 603 3484 m.1V.
658 3435 683 3484 6.
701 3430 879 3483 πεποιείσθω
899 3426 937 3496 V,
957 3444 1024 3481 corr.
1040 3444 1068 3496 p.
1125 3433 1166 3480 13.

151 3503 188 3555 Μ
191 3501 254 3560 ΞΝ
258 3500 269 3571 ]
290 3501 359 3554 ΜΝ
361 3501 389 3558 Ξ
401 3499 438 3567 V;
458 3516 528 3555 corr.
544 3498 707 3557 command.
763 3507 805 3556 15.
819 3496 848 3572 M]
861 3502 925 3570 (pr.)
940 3515 994 3554 om.
1006 3499 1043 3565 V;
1060 3515 1129 3553 corr.
1140 3517 1166 3568 p.
