2438 3892
122 121 188 186 146

189 419 268 491 Ἐὰν
295 426 488 510 παραβολῆς
516 417 635 490 εὐθεῖα
663 421 874 502 ἐπιψαύουσα
906 425 1076 510 συμπίπτῃ
1101 423 1136 510 νή

127 530 302 619 διαμέτρῳ,
325 530 382 597 καὶ
406 527 463 596 διὰ
484 528 546 616 μὲν
569 531 628 614 τῆς
650 524 742 614 ἆφής
760 525 853 615 ἆχθή
871 525 1085 615 παράλληλος
1101 530 1137 616 τή

126 636 302 724 διαμέτρῳ,
325 632 390 702 ἀπὸ
416 634 453 703 δέ
471 637 530 722 τῆς
547 637 700 722 κορυφῆς
717 630 809 722 ἀχθῇ
827 631 918 721 παρὰ
936 634 1138 721 τεταγμένως

88 743 353 829 ὁκατηγμένην,
385 740 442 808 καὶ
469 743 612 829 ποιηθῇ,
647 737 691 820 ως
717 744 755 808 τὸ
779 742 891 826 τμήμα
918 743 978 826 τῆς
1002 741 1138 827 ἐφαπτο-

125 847 228 934 μένης
249 853 287 915 τὸ
310 845 433 934 μεταξὺ
455 850 514 933 τῆς
532 843 722 933 ἄνηγμένης
744 844 876 933 καὶτῆς
895 842 987 933 ἁφῆς
1004 850 1088 934 πρὸς
1104 848 1138 914 τὸ

122 958 235 1041 τμῆμα
261 957 320 1040 τῆς
347 952 565 1043 παραλλήλου
592 956 629 1021 τὸ
653 949 776 1039 μεταξὺ
803 955 862 1039 τῆς
889 949 979 1038 ἆφής
1006 954 1065 1022 καί
1086 955 1140 1038 τῆς

123 1057 325 1146 ἀνηγμένης,
349 1059 457 1139 οὕτως
479 1056 598 1127 εὐθεῖαί
617 1084 666 1139 τις
688 1063 771 1148 πρὸς
794 1056 857 1146 τήν
881 1063 1064 1128 διπλασίαν
1086 1068 1140 1145 της

52 1208 55 1213 -
124 1164 370 1251 ἐφαπτομένης,
405 1161 477 1251 ήτις
505 1159 549 1232 δν
578 1162 642 1233 ἀπὸ
670 1168 728 1252 τῆς
754 1169 858 1253 τομῆς
885 1162 976 1254 ἄχθή
1006 1165 1060 1234 έπλ
1083 1162 1141 1251 τήν

71 1284 105 1333 10
125 1268 182 1338 διὰ
210 1273 271 1356 τῆς
297 1267 385 1358 διφῆς
412 1267 561 1358 ήγμένην
590 1267 730 1340 εὐθεῖαν
758 1270 975 1359 παράλληλον
1003 1273 1046 1360 πή
1074 1273 1141 1338 δια-

124 1377 249 1468 μέτρῳ,
283 1376 465 1465 δυνήσεται
496 1382 534 1447 τὸ
565 1375 805 1465 περιεχόμενον
833 1375 1053 1466 ὀρθογώνιον
1080 1373 1141 1445 ὑπὸ

123 1487 183 1571 τῆς
211 1485 455 1574 πεπορισμένης
483 1481 620 1564 εὐθείας
650 1485 707 1552 καὶ
736 1488 794 1571 τῆς
822 1481 1143 1570 ἀπολαμβανομένης

124 1588 184 1658 ὑπ’
206 1589 309 1677 αὐτῆς
330 1593 413 1679 πρὸς
436 1593 476 1679 τῇ
500 1587 580 1679 ἁφή.

193 1701 276 1766 έστω
295 1695 481 1783 παραβολή,
500 1687 540 1782 ής
560 1694 736 1784 διάμετρος
753 1695 774 1782 ή
791 1701 907 1782 ΜΒΓ,
931 1696 1144 1783 ἐφαπτομένη

73 1816 106 1866 15
126 1800 164 1868 δὲ
187 1799 208 1888 ἡ
231 1808 309 1886 ΓΔ,
336 1801 393 1868 ααλ
422 1800 480 1868 διὰ
509 1804 570 1868 τοῦ
595 1810 628 1868 Δ
654 1804 695 1890 τῇ
718 1808 785 1870 ΒΓ
808 1802 1021 1890 παράλληλος
1048 1801 1144 1890 ήχθω

125 1905 505 1994 ήΖΛΝ,-τεταγμε’νως
524 1906 561 1974 δὲ
580 1905 721 1996 ἀνήχθω
740 1905 762 1994 ἡ
778 1916 851 1994 ΖΒ,
870 1908 925 1976 καλ
944 1907 1144 1996 πεποιήσθω

126 2010 172 2092 ὡς
200 2011 220 2099 ή
245 2021 314 2080 ΕΔ
345 2016 428 2100 πρὸς
454 2020 532 2099 ΔΖ,
564 2010 683 2082 εὐθεῖαί
710 2041 759 2096 τις
786 2011 807 2102 ή
832 2022 872 2081 Η
897 2019 980 2102 πρὸς
1007 2015 1071 2103 τήν
1101 2020 1146 2085 δι·

126 2124 270 2188 πλασίαν
297 2131 356 2207 τῆς
384 2126 464 2207 ΓΔ,
497 2121 553 2187 καὶ
585 2120 739 2208 εἰλήφθω
768 2148 800 2189 τι
833 2135 973 2209 σημεῖον
1006 2122 1060 2191 ἐπὶ
1089 2126 1147 2209 τής

126 2230 230 2315 τομής
252 2231 289 2295 τὸ
309 2233 352 2314 K,
376 2228 432 2295 καὶ
455 2225 552 2315 ήχθω
578 2227 634 2296 διὰ
657 2231 718 2296 τοῦ
737 2234 772 2295 Κ
792 2233 831 2318 τῇ
846 2236 910 2297 ΓΛ
931 2228 1147 2317 παράλληλος

72 2348 107 2399 20
126 2333 278 2423 ήΚΛΠ.
320 2335 418 2420 λέγω,
442 2332 493 2402 ὅτι
516 2339 553 2402 τὸ
573 2332 638 2403 ἀπὸ
657 2340 715 2420 τῆς
732 2343 802 2403 ΚΛ
832 2345 906 2404 ἴσον
926 2335 995 2403 έστί
1014 2338 1059 2427 τῷ
1079 2333 1146 2404 ὑπὸ

126 2452 185 2529 τῆς
208 2449 248 2509 Η
268 2441 325 2509 καλ
352 2444 411 2528 τῆς
435 2447 520 2526 ΔΛ,
554 2444 724 2510 τουτέστιν
754 2442 805 2510 ὅτι
834 2443 1014 2531 διαμέτρου
1042 2440 1148 2529 οὔσης

126 2554 185 2637 τῆς
209 2556 274 2616 ΔΛ
299 2545 402 2636 ὀρθία
426 2548 517 2617 ἐστὶν
541 2544 562 2633 ἡ
587 2554 630 2617 H.

194 2654 417 2742 αατήχθωσαν
440 2652 505 2742 γὰρ
529 2655 735 2740 τεταγμένως
759 2656 796 2722 αί
818 2657 898 2739 ΔΞ,
917 2661 994 2722 ΚΝ
995 2662 1043 2724 Μ.
1091 2656 1147 2722 καλ

128 2761 197 2828 ἐπεὶ
220 2761 241 2846 ή
266 2768 329 2828 ΓΔ
352 2762 532 2846 ἐφάπτεται
555 2765 614 2847 τῆς
636 2764 752 2848 τομῆς,
780 2763 985 2848 τεταγμένως
1009 2760 1047 2828 δέ
1070 2787 1147 2829 κατ-

73 2876 108 2926 25
128 2869 225 2950 ἦκται
248 2863 269 2953 ἡ
293 2869 374 2954 ΛΞ,
403 2876 458 2954 ίση
488 2864 620 2935 έστὶνί
648 2873 708 2934 ΓΒ
736 2870 776 2955 τῇ
800 2869 870 2944 ΒΞ.
913 2864 934 2953 ή
959 2865 996 2933 δέ
1020 2869 1086 2941 ΒΞ
1106 2878 1146 2955 τῇ

128 2977 196 3038 ΖΔ
219 2978 274 3057 ίση
294 2973 375 3040 ἐστί·
403 2974 459 3041 καὶ
482 2973 502 3059 ἡ
524 2979 585 3041 ΓΒ
609 2974 675 3061 ἄρα
697 2977 737 3060 πή
757 2981 823 3040 ΖΛ
842 2975 933 3041 ἐστιν
953 2979 1018 3059 ίση.
1061 2970 1148 3041 ὥστε

127 3075 184 3144 καὶ
211 3080 248 3142 τὸ
277 3084 374 3146 ΕΓΒ
405 3083 573 3167 τρίγωνον
602 3083 648 3171 τῷ
676 3083 778 3145 ΕΖΔ
809 3076 971 3169 τριγώνῳ.
1027 3079 1147 3148 κοινὸν

129 3186 343 3270 προσκείσθω
375 3184 413 3252 τὸ
444 3192 634 3295 ΔΕΒΜΝ
662 3188 783 3271 σχῆμα·
826 3184 863 3252 τὸ
898 3183 962 3273 ἄρα
994 3191 1152 3254 ΔΓΜΝ

202 3403 264 3465 1.μ
266 3393 361 3467 M]
381 3413 435 3451 om.
446 3395 480 3462 V,
505 3413 541 3450 m.
554 3402 569 3450 2
588 3414 614 3450 v.
671 3402 694 3452 ὅ.
689 3397 934 3485 νατηγμενηλίς
954 3413 1023 3453 corr
1034 3398 1146 3467 Halley.

167 3476 191 3524 9.
212 3467 265 3522 Hic
281 3467 385 3523 alieubi
401 3438 555 3522 desid'erari
572 3465 650 3537 παρὰ
666 3489 719 3537 την
735 3441 973 3541 ἐφαπτομένην,
964 3486 1022 3524 ιοιω
1036 3469 1148 3524 Memus
