2438 3892
129 169 173 233 30
526 166 694 221 ΚΩΝΓΚΩΝ
711 160 753 222 α’.

128 307 201 378 κατ’
223 308 362 378 εὐθεῖαν
385 307 469 398 πρὸς
493 305 601 397 ὀρθὰς
624 300 732 376 οὖσαν
751 333 791 396 τη
776 303 909 391 βάσει
927 311 998 376 τοῦ
1019 308 1081 377 διδ
1097 322 1152 379 τοῦ

130 414 248 513 αξονος
271 412 450 501 τριγώνου,
460 411 495 543 y}
521 414 558 482 δὲ
581 411 815 543 διήμετρος
775 439 834 500 της
851 415 1047 502 γινομένης
1066 418 1154 485 ἐν
1120 441 1154 504 τη

130 526 308 612 ἐπιφανείᾳ
331 525 435 608 τομής
457 518 532 606 ήτοι
554 517 645 649 παρὰ
668 511 790 605 μίαν
769 545 792 607 η
809 521 877 584 τών
896 523 965 586 τοῦ
984 521 1155 608 τριγώνου

128 633 283 717 πλευρών
316 625 337 714 ή
371 632 539 714 συμπίπτῃ
573 622 656 714 αὐτῇ
690 623 784 704 ἐκτὸς
812 628 870 710 τής
901 639 1070 717 κορυφῆς
1100 632 1154 698 τοῦ

94 736 252 820 οκώνου,
275 733 561 820 προσεκβοίλληται
586 730 669 799 w
646 759 667 818 η
691 758 726 799 τε
749 741 811 798 τοῦ
832 729 948 799 κώνου
970 734 1154 822 ἐπιφάνεια

128 845 183 910 καὶ
206 841 244 909 τὸ
268 842 392 927 τέμνον
415 843 572 908 ἐπίπεδον
592 843 644 918 ἐίς
666 837 824 927 ἄπειρον,
850 837 907 904 καὶ
934 834 958 922 v}
991 842 1083 930 τομή
1112 848 1154 925 τίς

129 948 269 1033 ἄπειρον
289 945 526 1033 αὐξηθήσεται,
544 947 600 1013 καλ
620 943 685 1013 ἀπὸ
701 949 759 1032 τής
773 945 957 1031 διαμέτρου
972 951 1036 1034 τῆς
1054 953 1154 1037 τομῆς

78 1060 82 1066 ’
128 1053 212 1140 πρὸς
239 1057 278 1142 vy}
306 1057 439 1140 κορυφῇ
468 1051 556 1140 πίση
584 1057 624 1141 vy}
653 1056 795 1140 δοθείση
818 1049 938 1142 εὐθείᾳ
966 1061 1054 1142 ἴσην
1079 1053 1155 1124 ἄπο

127 1162 272 1247 λήψεταί
291 1185 341 1238 τις
364 1159 482 1226 εὐθεῖα
501 1157 647 1245 ἀγομένη
668 1156 729 1226 ἄπὲ
752 1161 811 1244 τής
828 1162 890 1226 τοῦ
908 1157 1034 1229 κώνου
1051 1166 1154 1250 τομής

74 1287 108 1336 1ο
128 1266 217 1353 παρὰ
240 1264 303 1351 τήν
329 1268 365 1334 ἐν
388 1270 428 1354 vy}
452 1263 547 1351 βάσει
570 1270 631 1332 τοῦ
656 1263 770 1333 κώνου
793 1262 942 1334 εὐθεῖαν.

195 1377 278 1441 ἐστω
301 1376 421 1459 κῶνος,
445 1363 486 1440 οὗ
509 1370 642 1459 κορυφή
666 1370 728 1459 μέν
750 1369 789 1438 τδ
813 1379 845 1436 A
868 1385 1031 1460 σημεῖον,
1057 1375 1152 1462 βάσις

128 1480 166 1549 δέ
181 1477 198 1549 ὁ
214 1487 280 1549 ΒΓ
294 1479 427 1566 κύκλος,
446 1480 501 1547 καὶ
515 1477 691 1565 τετμήσθω
708 1479 851 1568 ἐπιπέδῳ
867 1475 923 1544 διδι
938 1482 1004 1547 τοῦ
1020 1480 1152 1565 ἄξονος,

126 1588 182 1655 καί
205 1592 341 1655 ποιείτω
370 1586 477 1673 τομήν
504 1584 542 1653 τὸ
566 1590 671 1652 ΑΒΓ
694 1591 874 1674 τρίγωνον·
905 1585 1094 1672 τετμήσθω
1118 1587 1152 1655 δδ

127 1694 183 1760 καὶ
218 1694 317 1782 ἑτέρῳ
351 1695 495 1782 ἐπιπέδῳ
532 1692 688 1777 τέμνοντι
720 1689 781 1760 τὸν
814 1695 881 1757 ΒΓ
911 1690 1046 1761 κύκλον
1080 1691 1150 1762 κατ’

75 1819 109 1867 15
129 1797 269 1866 εὐθεῖαν
282 1795 346 1883 τήν
360 1805 432 1865 ΔΕ
448 1796 533 1882 πρὸς
548 1796 656 1885 ὀρθὰς
672 1790 779 1866 οὖσαν
793 1801 833 1886 vy}
848 1801 919 1881 ΒΓ,
939 1798 999 1865 καὶ
1014 1806 1151 1869 ποιείτω

126 1901 236 1989 τομήν
260 1906 296 1971 ἐν
315 1907 355 1992 vy}
376 1905 553 1993 ἐπιφανείᾳ
571 1903 633 1990 τήν
655 1913 687 1971 Δ
695 1911 758 1971 ΖΕ
779 1901 951 1991 γραμμήν*
976 1901 1000 1991 ἡ
1024 1906 1064 1975 δέ
1084 1906 1153 1976 διώ·

127 2034 245 2096 μετρος
267 2014 327 2096 τῆς
346 2017 450 2078 ΑΖΕ
470 2014 572 2096 τομής
594 2008 615 2096 y}
637 2017 708 2078 ΖΗ
727 2009 801 2097 ήτοι
824 2009 1044 2099 παράλληλος
1068 2018 1150 2082 ἔστω

127 2118 167 2203 vy}
192 2121 260 2183 ΑΓ
279 2111 301 2202 v}
325 2118 549 2204 ἐκβαλλομένη
574 2118 785 2203 συμπιπτέτω
809 2113 893 2204 αὐτῇ
917 2114 1015 2197 ἐκτὸς
1038 2124 1105 2188 τοῦ
1122 2128 1152 2187 A

128 2227 277 2308 σημείου.
314 2223 411 2308 λέγω,
432 2221 483 2290 ὅτι
501 2227 568 2309 καί,
588 2222 647 2290 ἐὰν
666 2222 687 2309 ή
705 2249 741 2291 τε
760 2227 821 2290 τοῦ
839 2221 953 2290 κώνου
968 2223 1151 2312 ἐπιφάνεια

74 2350 112 2398 20
131 2329 187 2396 καὶ
210 2328 247 2396 τὸ
271 2328 394 2415 τέμνον
417 2332 576 2397 ἐπίπεδον
595 2329 791 2415 ἐκβάλληται
811 2333 858 2407 είς
875 2326 1032 2417 ἄπειρον,
1055 2329 1150 2418 καλή

129 2443 233 2505 ΔΖΕ
253 2435 337 2521 τομή
362 2440 409 2516 είς
431 2434 571 2524 ἄπειρον
596 2434 833 2522 αὐξηθήσεται.

197 2541 411 2630 ἐκβεβλήσθω
434 2542 499 2629 γὰρ
523 2540 544 2628 ή
567 2568 602 2609 τε
620 2546 681 2610 τοῦ
700 2540 814 2609 κώνου
833 2540 1013 2627 ἐπιφάνεια
1033 2544 1091 2611 καὶ
1112 2570 1146 2611 το

127 2650 250 2734 τέμνον
270 2650 441 2717 ἐπίπεδον·
465 2647 615 2735 φανερὸν
636 2650 688 2734 δή,
708 2646 759 2717 ὅτι
773 2649 829 2715 καὶ
844 2650 881 2714 αί
894 2654 971 2732 ΑΒ,
985 2656 1066 2735 ΑΓ,
1083 2657 1149 2718 ΖΗ

129 2754 471 2839 συνεκβληθήσονται.
509 2754 579 2823 ἐπεὶ
601 2752 622 2840 y}
643 2761 716 2821 ΖΗ
734 2758 773 2842 vy}
792 2759 862 2821 ΑΓ
879 2751 955 2839 ήτοι
978 2758 1148 2843 παράλλη-

75 2879 110 2929 25
129 2856 188 2938 λός
211 2860 301 2927 ἐστιν
324 2855 345 2944 y}
370 2860 595 2947 ἐκβαλλομένη
620 2865 797 2946 συμπίπτει
820 2856 904 2947 αὐτή
926 2858 1022 2938 ἐκτδς
1040 2866 1105 2930 τοῦ
1119 2871 1149 2930 Α

129 2969 280 3050 σημείου,
301 2967 337 3031 αί
350 2972 428 3051 ΖΗ,
443 2973 513 3033 ΑΓ
526 2964 591 3053 ἄρα
611 2964 852 3052 ἐκβαλλόμεναι
872 2962 916 3043 ώς
935 2966 988 3033 ἐπὶ
1001 2966 1045 3034 τὰ
1061 2974 1102 3055 Γ,
1116 2975 1151 3036 Η

129 3071 212 3156 μέρη
233 3066 392 3139 ουδέποτε
407 3076 665 3158 συμπεσοῦνται
699 3072 981 3200 ἐκβεβλήσθωσαν
997 3065 1075 3160 οὖν,
1093 3076 1149 3143 καὶ

130 3177 283 3262 είλήφθω
307 3203 338 3243 τι
363 3192 501 3264 σημείου
525 3179 577 3245 ἐπὶ
600 3182 658 3264 τής
679 3185 750 3245 ΖΗ
768 3177 870 3266 τυχὸν
892 3204 930 3245 το
952 3183 991 3262 Θ
1015 3181 1075 3247 καὶ
1093 3180 1148 3250 διδ

201 3379 225 3426 4.
246 3390 322 3441 συμπ
324 3372 449 3498 [vnvm
442 3390 555 3441 ,συμπι
545 3373 667 3428 ίκτειλ7
722 3378 865 3441 5,κπροοε
850 3369 1014 3444 κέλληται]
993 3374 1147 3446 ιεοείρείς

130 3446 253 3527 προσεκβ
237 3443 355 3569 βαλήται
469 3449 511 3498 20.
532 3439 562 3498 ἐκ
564 3444 736 3516 βαλῆταιλί,
756 3460 826 3499 corr.
872 3444 954 3511 alley.
1020 3449 1065 3500 28.
1085 3447 1148 3520 τῆς]

130 3532 181 3585 0P·
201 3515 287 3586 ῑίλν·
