2438 3892
124 420 261 505 ὀρθίαν,
284 415 307 505 ἡ
328 430 390 487 τοῦ
414 418 499 503 πρὸς
520 421 560 506 τῇ
580 424 608 484 Β
616 425 649 483 Δ
672 414 777 504 ὀρθία
800 415 886 503 πρὸς
903 415 967 503 τὴν
986 421 1121 503 πλαγίαν.

123 528 188 609 ἕξει
217 524 281 613 άρα
309 523 326 592 ά
353 527 421 603 ΞΤ
444 523 528 610 πρὸς
555 529 619 589 ΤΣ
642 522 703 591 τὸν
732 523 950 610 συνημμένον
978 521 1076 609 λόγον
1095 525 1122 588 ἔκ

123 659 159 701 τε
190 642 253 699 τοῦ
285 627 327 698 δν
349 630 427 717 ”ἔχει
459 626 480 716 ἡ
509 636 570 700 ΘΒ
602 628 685 716 πρὸς
713 635 791 714 ΒΖ,
823 630 998 697 τουτέστιν
1028 626 1126 716 ἡΘΤ

89 752 105 802 5
124 737 208 821 πρὸς
229 744 304 821 ΤΟ,
328 736 383 803 καὶ
406 739 468 803 τοῦ
492 730 533 802 δν
558 740 623 822 ἔχει
646 732 667 821 ἡ
690 746 753 803 τοῦ
776 733 861 821 πρὸς
882 740 923 824 τῇ
943 741 1013 801 ΒΔ
1030 739 1124 814 είδονς

125 842 229 931 ὀρθία
252 843 379 927 πλευρδι
403 840 487 929 πρὸς
508 841 570 928 τὴν
593 844 749 927 πλαγίαν.
794 842 850 908 καί
874 841 931 908 διὰ
953 841 995 909 τὰ
1019 845 1123 926 δεδειγ-

124 951 208 1037 μέυα
237 951 274 1016 ἐν
300 952 346 1039 τῷ
375 949 434 1033 μα’
462 951 525 1015 τοῦ
552 946 587 1014 α’
616 951 750 1032 βιβλίου
778 946 816 1015 τὸ
852 954 948 1015 ΤΘΟ
974 953 1123 1037 τρίγωνον

122 1064 184 1122 τοῦ
208 1057 310 1131 :m
332 1055 485 1140 διαφέρει
507 1057 553 1144 τῷ
578 1059 683 1121 ΒΖΘ.

192 1159 275 1227 ὥστε
298 1159 422 1251 καὶτῷ
448 1167 560 1227 ΑΗΘ.

73 1334 106 1384 10
609 1318 660 1388 ιε’.

188 1441 268 1510 Ἐὰν
287 1447 365 1529 μιᾶς
382 1447 451 1511 τῶν
469 1443 553 1510 κατά
571 1448 731 1528 συζυγίαν
750 1441 994 1528 ἀντικειμένων
1012 1440 1126 1511 εὐθεῖαι

125 1547 351 1629 ἐπιψαύουσαι
364 1554 592 1636 συμπίπτωσι,
611 1549 667 1616 καί
687 1547 743 1616 διὰ
760 1551 830 1617 τῶν
849 1545 950 1635 άφῶν
970 1548 1125 1638 διάμετροι

124 1650 274 1743 άχθῶσι,
302 1659 420 1743 ληφθῇ
449 1657 489 1723 δέ
514 1682 546 1723 τι
570 1669 709 1742 σημείου
733 1653 785 1740 ἐφ’
808 1652 971 1741 ὁποτέρας
992 1660 1060 1724 των
1081 1675 1127 1722 συ·

126 1767 235 1847 ζυγῶν
257 1773 383 1847 τομῶν,
406 1760 462 1828 καὶ
484 1757 541 1829 ἄπ’
563 1758 670 1828 αὐτοῦ
692 1761 900 1846 παράλληλοι
919 1758 1053 1848 άχθῶσι
1069 1775 1127 1839 ταῖς

73 1878 106 1927 15
125 1868 372 1953 έφαπτομίυαις
399 1868 461 1945 ἕως
486 1878 556 1934 τῶν
586 1868 787 1954 διαμέτρων,
814 1870 852 1935 τὸ
875 1865 1059 1954 γινόμενον
1079 1863 1124 1936 ὑπ’

125 1969 237 2039 αὐτῶν
269 1971 352 2057 πρὸς
383 1975 423 2058 τῇ
455 1983 541 2060 τομῇ
573 1979 741 2060 τρίγωνον
772 1985 834 2041 τοῦ
861 1976 1047 2060 γινομένου
1071 2000 1125 2057 τρι-

124 2076 239 2162 γω’νου
260 2077 347 2162 πρὸς
369 2080 414 2166 τῷ
434 2078 561 2168 κέντρῳ
581 2079 696 2163 μεῖζόν
716 2082 785 2146 ἐστι
803 2078 957 2170 τριγώνῳ
976 2093 1022 2172 τῷ
1042 2081 1126 2167 βάσιν

125 2183 187 2267 μὲν
211 2187 320 2270 ἔχοντι
343 2180 405 2268 τὴν
430 2185 675 2270 ἐφαπτομένην,
698 2187 854 2271 κορυφὴν
879 2185 917 2252 δέ
939 2185 978 2254 τὸ
1003 2190 1126 2273 κέντρον

125 2299 192 2356 τῶν
216 2287 464 2374 ἀντικειμένων.

72 2408 107 2456 20
193 2401 343 2464 ἔστωσαν
367 2396 449 2462 κατὰ
475 2401 635 2482 συζυγίαν
659 2396 884 2483 άυτιιιείμευαι
905 2402 942 2465 αλ
960 2407 1042 2486 ΑΒ,
1061 2405 1127 2479 ΗΣ,

129 2510 170 2588 Τ,
194 2507 233 2589 Ξ,
262 2493 310 2571 ὧν
334 2503 474 2589 κέντρον
496 2502 534 2570 τὸ
559 2510 602 2585 Θ,
625 2505 681 2569 καί
704 2508 763 2590 τῆς
785 2512 851 2571 ΑΒ
874 2511 979 2592 τομῆς
1002 2506 1127 2593 ἐφαπτέ-

126 2619 267 2678 σθωσαν
299 2612 336 2676 αί
362 2616 483 2694 ΑΔΕ,
504 2614 614 2693 ΒΔΓ,
647 2609 702 2676 καὶ
736 2610 791 2677 διὰ
820 2615 888 2678 των
918 2621 963 2697 Α,
983 2621 1012 2678 Β
1044 2610 1128 2699 άφων

125 2712 286 2798 ἤχθωσαν
321 2714 493 2801 διάμετροι
521 2717 558 2781 αλ
582 2723 682 2782 ΑΘΖ
693 2724 737 2801 Φ,
761 2722 872 2801 Bw,
901 2719 958 2784 καὶ
986 2721 1129 2806 εἰλήφθω

126 2819 179 2883 ἐπὶ
205 2823 264 2904 τῆς
287 2827 361 2887 ΗΣ
386 2825 488 2908 τομῆς
516 2821 655 2907 σημεῖόν
683 2850 715 2889 τι
742 2821 780 2890 τὸ
805 2830 851 2907 Σ,
878 2825 934 2890 καὶ
963 2823 1009 2892 δι’
1036 2822 1130 2893 αὐτοῦ

71 2932 105 2978 25
124 2921 220 3005 η’χθω
249 2924 339 3009 παρά
369 2926 429 3011 μὲν
452 2930 515 3012 τὴν
538 2925 644 3015 ΒΓη
670 2935 786 3013 ΣΖΛ,
813 2928 903 3015 παρὰ
928 2930 965 2996 δὲ
988 2933 1053 3017 τὴν
1076 2936 1132 2998 ΑΕ

124 3024 152 3110 ἡ,
169 3033 243 3094 ΣΥ.
289 3031 391 3117 λέγω,
417 3031 466 3100 ὅτι
490 3032 527 3100 τὸ
552 3041 658 3102 >MP
677 3041 845 3122 τρίγωνον
867 3039 928 3103 τοῦ
952 3044 1054 3104 (Ml
1076 3064 1132 3121 τρι·

123 3130 238 3216 γάνου
261 3136 373 3219 μεῖζόν
397 3141 467 3206 ἐστι
489 3144 534 3230 τῷ
560 3146 663 3209 ΘΓΒ.

190 3235 286 3324 ἤχθω
311 3243 375 3328 γάρ
398 3245 453 3310 διὰ
472 3257 534 3313 τοῦ
555 3254 583 3314 Θ
600 3249 690 3334 παρὰ
710 3247 773 3334 τὴν
792 3244 892 3333 Bm}
912 3251 1029 3335 ΕΘΗ,
1053 3248 1134 3334 παρὰ

197 3439 220 3487 5.
243 3433 309 3503 TO]
331 3436 385 3487 ΤΘ
403 3436 442 3496 Vz
462 3455 530 3494 corr.
545 3439 663 3495 Memus⁴
738 3449 779 3497 23.
799 3443 899 3515 ΒΘΤ]
922 3447 948 3497 Τ
965 3444 1003 3511 V3
1024 3462 1092 3499 corr.
1112 3464 1134 3514 p.

160 3509 202 3556 28.
222 3503 285 3574 τήν]
305 3522 355 3574 vp,
374 3503 407 3573 νή
425 3506 463 3571 V;
483 3507 514 3561 τό
534 3528 557 3564 ο.
