2438 3892
125 151 192 215 354
498 206 501 210 ,
525 136 692 200 mmm
710 142 750 213 γ’.

126 291 171 372 ὡς
192 290 230 359 τὸ
256 288 322 358 ἀπὸ
346 296 414 357 ΑΓ
433 288 518 374 πρὸς
540 284 578 354 τὸ
603 282 669 354 ἀπὸ
688 292 767 371 ΒΓ,
790 282 828 353 τὸ
853 283 920 352 ὑπὸ
941 291 1042 353 ΚΖΒ
1060 286 1129 371 πρὸς

125 398 163 465 τὸ
187 395 254 466 ὑπὸ
278 403 388 463 ΘΖΔ.
646 480 655 503 Ι

606 507 664 567 ιη.

191 608 271 676 Ἐἀν
300 610 368 675 τῶν
397 604 636 691 ἀντικειμένων
666 606 728 671 δύο
758 602 892 671 εὐθεῖαι
920 605 1128 685 ἐπιψαύουσαι

91 719 352 801 οσνμπίπτωσι,
380 713 435 779 καὶ
463 714 581 799 ληφθῇ
608 737 640 778 τι
668 723 808 796 σημεῖον
837 707 892 797 ἐφ’
915 707 1128 797 ὁποτερονοῦν

126 825 194 888 τῶν
217 823 340 905 τομῶν,
364 820 420 885 καὶ
440 815 495 885 ἀπ’
517 816 622 885 αὐτοῦ
643 815 732 905 ἀχθῇ
752 843 801 896 τις
820 813 941 884 εὐθεῖα
960 817 1050 904 παρά
1065 841 1145 883 τινα

126 929 195 992 τῶν
219 925 460 1011 ἐφαπτομέαων
479 925 647 1010 τέμνουσα
665 927 726 1008 την
746 922 853 1009 τομὴν
872 923 928 989 καὶ
947 922 1010 1009 τὴν
1028 924 1125 1007 ἑτέραν

127 1031 376 1116 ἐφαπτομένην,
413 1034 519 1114 ἔσται,
554 1027 599 1108 ὡς
630 1026 670 1095 τά
702 1027 763 1097 ἀπέ
800 1032 870 1096 τῶν
903 1030 1125 1115 ἐφαπτομένην

125 1139 317 1222 τετράγωνα
346 1135 430 1223 πρὸς
451 1138 594 1222 ἀλληλα,
624 1133 730 1214 οὕτως
752 1132 789 1202 τὸ
813 1134 1054 1222 περιεχόμενον
1073 1130 1124 1200 ὑπὸ

73 1267 106 1312 1ο
126 1253 194 1309 τῶν
223 1240 344 1328 μεταξὺ
371 1246 430 1328 της
461 1246 563 1328 τομῆς
585 1243 641 1308 καὶ
664 1252 722 1327 τῆς
745 1242 979 1327 ἐφαπτομένης
1000 1238 1078 1328 πρὸς
1095 1236 1122 1304 τὸ

126 1345 192 1414 ἀπὸ
221 1352 279 1434 τῆς
307 1345 630 1435 ἀπολαμβανομένης
658 1349 742 1434 πρὸς
764 1352 804 1436 τῇ
827 1345 898 1435 ἀφῇ
922 1347 1121 1433 τετράγωνον.

195 1459 345 1521 ἔστωσαν
366 1452 591 1540 ἀντικείμενοι
606 1456 643 1520 αἱ
655 1461 737 1537 ΑΒ,
755 1457 835 1520 MN
843 1454 899 1520 καὶ
915 1453 1120 1541 ἐφαπτόμεναι

126 1563 164 1626 αλ
179 1566 298 1646 ΑΓΛ,
317 1567 413 1628 ΒΓΘ
435 1561 491 1627 καὶ
516 1557 571 1627 διὰ
594 1571 662 1627 τῶν
685 1557 783 1645 ἀφῶν
807 1559 982 1646 διάμετροι
1005 1563 1042 1626 αἱ
1056 1561 1119 1639 AM,

126 1671 209 1747 BN,
233 1667 288 1734 καὶ
312 1665 466 1752 εἰλήφθω
492 1667 544 1733 ἐπὶ
567 1670 626 1751 τῆς
648 1672 731 1732 MN
749 1676 852 1752 τομῆς
874 1664 978 1751 τυχὸν
1002 1676 1119 1751 σημεῖον

75 1793 107 1840 15
126 1769 163 1838 τὸ
193 1779 242 1856 Δ,
270 1772 326 1838 καὶ
354 1769 399 1838 δι’
427 1770 532 1839 αὐτοῦ
561 1770 656 1858 η’χθω
684 1769 773 1860 παρὰ
801 1770 863 1858 τὴν
890 1779 955 1840 ΒΘ
982 1770 1003 1858 ἡ
1031 1774 1118 1838 ΕΛΖ,

124 1877 220 1959 λέγω,
245 1875 296 1942 ὅτι
319 1879 422 1961 ἐστίν,
446 1874 491 1955 ὡς
513 1876 550 1943 τὸ
576 1875 641 1945 ἀπὸ
663 1883 729 1946 ΒΓ
746 1877 830 1965 πρὸς
852 1876 890 1945 τὸ
911 1876 978 1946 ἀπὸ
1000 1884 1072 1962 ΓΑ,
1090 1872 1118 1940 τὸ

123 1976 189 2046 ὑπὸ
215 1987 317 2046 ΖΕΔ
339 1982 424 2068 πρὸς
446 1980 483 2048 τὸ
508 1980 573 2048 ἀπὸ
601 1990 676 2050 ΑΕ.

191 2083 287 2172 ἤχθω
316 2085 380 2173 μάρ
410 2084 466 2154 διὰ
488 2091 550 2154 τοῦ
575 2098 608 2154 Δ
630 2099 671 2178 τῇ
695 2098 766 2157 ΑΕ
785 2088 999 2175 παράλληλος
1021 2088 1041 2176 ἡ
1062 2087 1118 2162 ΛΞ·

125 2191 193 2258 ἐπεὶ
222 2182 285 2258 οὖν
313 2190 484 2278 ὑπερβολή
509 2195 600 2261 ἐστιν
623 2191 645 2281 ἡ
670 2203 736 2262 ΑΒ
758 2196 814 2262 καὶ
838 2196 1015 2282 διάμετρος
1037 2192 1118 2277 αὐτῆς

70 2294 144 2383 2οὴ
171 2304 244 2364 ΒΝ
262 2299 315 2365 καὶ
340 2301 553 2386 ἐφαπτομένη
577 2298 597 2386 ἡ
621 2309 684 2369 ΒΘ
706 2301 762 2368 καὶ
784 2306 823 2389 τῇ
843 2309 906 2368 ΒΘ
930 2302 1118 2388 παράλληλος

123 2401 143 2490 ἡ
169 2413 250 2491 ΔΖ,
275 2414 329 2491 ἴση
354 2404 419 2490 ἀρα
444 2406 534 2474 ἐστὶν
558 2404 578 2492 ἡ
604 2413 667 2472 ΖΟ
690 2412 728 2494 τῇ
755 2414 830 2473 ΟΔ.
867 2409 923 2474 καὶ
947 2408 1118 2491 πρόσκειται

123 2509 143 2597 ἡ
168 2520 248 2579 ΕΛ·
294 2511 338 2579 τό’
362 2509 426 2598 ἀρα
454 2510 520 2578 ὑπὸ
545 2519 647 2578 ΖΒΔ
676 2511 755 2598 μετά
784 2515 844 2580 τοῦ
873 2511 939 2581 ἀπὸ
967 2521 1034 2580 ΔΟ
1059 2521 1118 2578 ἴσον

123 2618 191 2684 ἐστὶ
218 2631 263 2710 τῷ
294 2616 357 2686 ἀπὸ
382 2625 454 2685 ΕΟ.
500 2618 555 2685 καὶ
586 2619 656 2685 ἐπεὶ
679 2618 890 2705 παράλληλός
913 2621 1005 2687 ἐστιν
1028 2618 1047 2704 ἡ
1069 2621 1119 2685 ΒΛ

121 2734 161 2808 τῇ
192 2728 270 2811 ΔΞ,
303 2723 423 2811 ὅμοιόν
456 2727 523 2792 ἐστι
556 2722 594 2792 τὸ
624 2732 725 2791 ΕΘΛ
758 2732 923 2809 τρίγωνον
954 2731 999 2818 τῷ
1030 2727 1118 2800 ΛΞΟ.

71 2848 104 2895 25
126 2830 216 2892 ἔστιν
241 2828 317 2915 ἀρα,
342 2830 385 2911 ὡς
408 2829 488 2899 ὅλον
506 2829 544 2898 τὸ
565 2828 630 2897 ἀπὸ
652 2839 715 2898 ΕΟ
733 2830 816 2916 πρὸς
833 2831 871 2898 τὸ
891 2839 1007 2918 ΕΘΛ,
1032 2830 1119 2904 οὕτως

123 2928 312 3017 ἀφαιρεθὲν
336 2935 374 3002 τὸ
400 2937 464 3005 ἀπὸ
485 2944 552 3004 ΔΟ
573 2936 657 3022 πρὸς
681 2936 868 3024 ἀφαιρεθὲν
891 2936 928 3004 τὸ
949 2941 1051 3012 &Ao
1066 2940 1118 3023 τρί-

122 3055 249 3117 γωνον·
295 3040 351 3103 ναὶ
378 3042 499 3110 λοιπὸν
527 3040 593 3128 ἀρα
621 3040 659 3109 τὸ
682 3041 748 3109 ὑπὸ
772 3050 873 3109 ΔΕΖ
897 3042 982 3129 πρὸς
1005 3043 1042 3112 τὸ
1066 3045 1120 3108 ΔΛ

121 3138 367 3228 τετράπλευρόν
395 3148 501 3230 ἐστιν,
530 3145 575 3227 ὡς
602 3146 640 3215 τὸ
669 3147 733 3214 ἀπὸ
761 3155 825 3214 EO
850 3147 936 3235 πρὸς
963 3150 1001 3217 τὸ
1027 3151 1119 3216 ΕΘΛ.

122 3243 192 3311 ἀλλ’
215 3242 260 3320 ὡς
282 3244 320 3312 τὸ
345 3245 409 3315 ἀπὸ
432 3258 497 3318 ΟΕ
518 3253 600 3337 πρὸς
623 3252 661 3320 τὸ
683 3259 781 3319 ΟΕΛ
804 3259 984 3339 τρίγωνον,
1007 3256 1044 3322 τὸ
1068 3248 1119 3320 ἀπὸ

196 3415 217 3460 1.
237 3403 307 3475 πρὸς
321 3402 353 3458 τὸ
368 3400 425 3459 ἀπὸ
441 3411 510 3480 ΒΓ]
531 3427 582 3468 om.
594 3411 631 3476 V3
653 3428 755 3480 comp
775 3414 834 3481 (τῆς
851 3417 920 3483 ΓΒ).
978 3422 1019 3470 15.
1040 3410 1121 3479 ΕΔΖ]

121 3480 204 3531 ΔΕΖ
223 3477 260 3544 V;
280 3494 350 3532 corr.
368 3494 395 3546 p.
