2438 3892
166 129 232 193 288
564 126 732 179 Κααιααα
751 121 788 197 μ’.

234 274 318 338 ἔστω
342 268 455 337 κώνου
477 265 561 355 τομῆ
584 265 749 353 πρότερον
772 267 962 354 παραβολῆ,
990 259 1030 354 ἤς
1052 264 1164 348 όξωνὸ

168 385 247 445 ΑΒ·
300 381 353 444 δεῖ
379 375 421 462 δῆ
449 372 589 460 ἀγαγεῖν
618 374 852 459 ἐφαπτομένην
880 377 940 460 τῆς
967 377 1084 461 τομῆς,
1109 371 1166 460 ἤτις

168 483 252 570 πρὸς
278 487 324 575 τῷ
349 489 412 549 ΑΒ
441 479 537 562 ἄξονι
564 485 692 566 γωνίαν
719 478 852 565 ποιήσει
880 480 932 547 ἐπὶ
961 480 1003 547 τὰ
1031 478 1112 548 αὐτὰ
1135 482 1166 568 τῆ

169 593 254 678 τομῆ
278 597 357 674 ῖσην
378 592 418 677 τῇ
443 592 583 676 δοθείσῃ
608 585 709 677 ὀξείᾳ.

135 711 151 760 5
236 696 417 781 γεγονέτω,
441 695 496 761 καὶ
521 699 604 761 έστω
628 691 648 780 ἤ
673 699 747 761 ΓΔ·
794 696 936 761 δοθεῖσα
960 691 1028 780 ἅμα
1051 690 1167 778 ἐστὶνῆ

50 800 52 805 ’
170 799 235 869 ὑπὸ
259 806 364 868 ΒΔΓ
381 807 497 886 γωνία.
534 798 630 887 ἤχθω
653 798 796 879 κάθετος
819 797 839 884 ἤ
859 805 935 866 ΒΓ·
974 805 1044 867 ἔστι
1067 799 1106 886 δῆ
1125 799 1169 866 καὶ

170 906 297 995 ἤπρὸς
319 918 364 1000 τῷ
388 915 416 973 Β
441 912 591 975 δοθεῖσα.
633 907 734 991 λόγος
756 904 821 994 ἅμα
844 909 904 992 τῆς
929 912 996 972 ΔΒ
1021 909 1101 993 πρὸς
1120 909 1172 972 ΒΓ

171 1018 295 1092 δοθείς.
331 1016 390 1099 τῆς
414 1013 451 1081 δέ
470 1021 539 1081 ΒΔ
561 1016 643 1099 πρὸς
662 1020 728 1080 ΒΑ
752 1012 851 1098 λόγος
874 1013 943 1079 ἐστὶ
964 1017 1092 1091 δοθείς·
1124 1011 1168 1080 καλ

170 1124 230 1206 τῆς
257 1127 319 1187 ΑΒ
348 1120 414 1205 όίρα
441 1123 524 1205 πρὸς
547 1125 613 1187 ΒΓ
637 1116 736 1204 λόγος
765 1119 833 1186 ἐστὶ
862 1122 988 1197 δοθείς.
1035 1122 1093 1184 καί
1115 1118 1170 1184 ἐστι

122 1242 155 1290 10
175 1230 316 1294 δοθεῖσα
339 1222 360 1310 ἤ
384 1229 466 1314 πρὸς
489 1231 534 1319 τῷ
554 1234 582 1292 Β
607 1231 723 1311 γωνία·
762 1227 903 1292 δοθεῖσα
923 1223 990 1307 ἄρα
1010 1223 1065 1291 καὶ
1083 1221 1102 1309 ἤ
1118 1218 1170 1290 ὑπὸ

173 1337 279 1400 ΒΑΓ.
325 1337 385 1398 καί
410 1334 479 1400 ἐστι
506 1336 590 1418 πρὸς
617 1332 711 1399 θέσει
739 1335 778 1420 τῆ
803 1337 868 1398 ΒΑ
895 1332 952 1399 καὶ
981 1330 1116 1398 δοθέντι
1136 1330 1170 1419 τῷ

173 1449 216 1506 Α·
262 1440 357 1506 θέσει
380 1437 446 1525 ἅμα
470 1436 489 1525 ἤ
514 1445 587 1506 ΓΑ.
634 1438 728 1505 θέσει
753 1437 790 1505 δὲ
812 1437 868 1504 καί
892 1434 913 1524 ἤ
937 1435 1037 1524 τομῆ·
1084 1432 1170 1503 δοθέν

173 1543 239 1631 ι’ίρα
266 1542 304 1612 τὸ
332 1551 371 1613 Γ.
420 1546 475 1613 καὶ
504 1544 682 1631 ἐφάπτεται
709 1541 731 1630 ἤ
759 1549 834 1610 ΓΔ·
880 1545 976 1612 θέσει
1006 1542 1071 1627 ἄρα
1098 1540 1171 1610 ἐστὶν

173 1649 194 1738 ἤ
218 1658 286 1720 ΓΔ.

123 1773 155 1822 15
242 1757 484 1843 σνντεθῆσεται
523 1756 564 1843 δὴ
597 1762 634 1825 τὸ
667 1755 844 1843 πρόβλημα
877 1755 999 1836 οὕτως·
1054 1749 1171 1837 έστωῆ

174 1869 317 1930 δοθεῖσα
339 1864 453 1931 πόνον
475 1861 559 1950 τομῆ
583 1863 750 1950 πρότερον
773 1861 964 1951 παραβολή,
994 1854 1035 1949 ἧς
1058 1855 1171 1943 όιξωνὸ

174 1978 205 2035 Α
212 1975 253 2052 Β,
276 1966 296 2054 ἤ
322 1969 359 2035 δὲ
383 1972 524 2036 δοθεῖσα
547 1975 654 2055 γωνία
678 1967 768 2051 ὀξεῖα
791 1967 812 2055 ἤ
835 1967 900 2037 ὑπὸ
924 1975 1045 2053 ΕΖΗ,
1068 1969 1120 2036 καὶ
1139 1968 1171 2034 εί·
1206 1978 1209 2043 λ

174 2072 297 2159 λῆφθω
321 2088 460 2159 σημεῖον
485 2075 536 2141 ἐπὶ
561 2086 620 2162 τῆς
639 2083 702 2142 ΕΖ
725 2081 762 2145 τὸ
785 2082 825 2162 Ε,
849 2078 903 2143 καὶ
928 2074 1073 2154 κάθετος
1093 2073 1170 2162 ἤχθω
1206 2054 1209 2205 ἤ

174 2178 194 2264 ἤ
214 2185 297 2264 ΕΗ,
317 2180 372 2246 ιιαλ
390 2181 567 2267 τετμήσθω
588 2186 665 2269 δίχα
684 2179 704 2269 ἤ
723 2189 794 2249 ΖΗ
807 2184 853 2273 τῷ
869 2189 907 2267 Θ,
927 2182 983 2248 καὶ
1004 2180 1168 2268 ἐπεζεύχθω
1207 2228 1209 2241 .

122 2283 195 2373 εοῆ
221 2293 299 2372 ΘΒ,
327 2287 382 2353 καὶ
412 2292 452 2376 τῆ
481 2285 546 2356 ὑπὸ
570 2292 639 2356 τῶν
663 2296 769 2356 ΗΘΕ
789 2293 897 2378 γωνίᾳ
921 2295 976 2373 ίση
1002 2285 1169 2356 συνεστάτω
1207 2344 1209 2351 .

174 2392 195 2481 ἤ
223 2391 289 2461 ὑπὸ
317 2398 384 2461 τόν
409 2400 522 2481 ΒΑΓ,
550 2396 605 2463 καὶ
634 2393 730 2483 ἤχθω
758 2394 901 2473 κάθετος
924 2391 945 2481 ἤ
970 2399 1047 2480 ΒΓ,
1075 2394 1125 2461 παλ
1142 2397 1170 2477 τῆ
1206 2360 1209 2477 ἤ

176 2509 241 2569 BA
266 2510 320 2588 ίση
345 2507 470 2569 κείσθω
495 2500 515 2588 ἤ
539 2510 625 2587 ΑΔ,
649 2502 704 2568 ιιαλ
729 2500 911 2588 ἐπεζεύχθω
935 2499 956 2586 ἤ
981 2507 1052 2570 ΓΔ.
1089 2503 1170 2586 ἐφατ·
1207 2480 1209 2609 ἤ

176 2611 297 2695 τομένη
322 2607 389 2696 όίοα
413 2608 503 2679 ἐστὶν
527 2605 547 2695 ἤ
572 2613 634 2674 ΓΔ
656 2612 715 2694 τῆς
738 2610 849 2692 τομῆς.
1207 2634 1209 2699 χ

243 2717 328 2800 λέγω
353 2715 406 2802 δῆ,
430 2714 481 2784 ὅτι
505 2712 524 2800 ἤ
549 2711 614 2781 ὑπὸ
638 2718 705 2781 τῶν
731 2719 762 2780 Γ
758 2720 824 2778 ΑΒ
849 2716 888 2801 τῆ
912 2709 979 2781 ὑπὸ
1003 2719 1071 2782 τῶν
1090 2711 1172 2780 ΒΖΗ
1206 2708 1209 2835 ἤ

123 2832 158 2881 25
177 2821 268 2887 ἐστιν
292 2829 356 2905 ἴση.

244 2925 313 2990 ἐπεὶ
337 2925 400 3011 γάρ
425 2929 527 3013 ε’στιν,
551 2924 596 3004 ὡς
620 2924 638 3012 ἤ
660 2933 731 2992 ΖΗ
748 2929 832 3013 πρὸς
849 2931 934 3010 ΗΘ,
958 2924 1069 3006 οὕτως
1086 2926 1105 3011 ἤ
1122 2923 1171 2990 ΔΒ
1207 2992 1209 3005 ,

177 3032 259 3114 πρὸς
282 3036 363 3114 BA,
388 3035 457 3098 εστι
481 3033 518 3100 οε
541 3032 597 3099 ιιι
622 3030 667 3111 ες
689 3031 709 3116 ι,
735 3038 803 3098 οΗ
824 3035 909 3116 πρὸς
932 3038 1019 3117 HE,
1045 3019 1172 3107 οειωςῖ
1207 3030 1209 3119 g

178 3140 242 3200 AB
270 3137 352 3216 πρὸς
380 3141 456 3223 ΒΓ,
486 3137 531 3205 δι’
559 3147 637 3205 ίσον
664 3136 730 3224 όίρα
759 3140 865 3223 ἐστίν,
893 3134 939 3216 ὡς
966 3136 999 3222 ἤ·
1018 3144 1090 3204 ΖΗ
1110 3135 1174 3217 πρὸς
1207 3124 1209 3145 Ι

177 3246 260 3325 ΗΕ,
285 3236 391 3319 οὕτως
413 3241 434 3326 ἤ
455 3252 521 3310 ΛΒ
545 3248 628 3329 πρὸς
649 3247 713 3331 τῆν
733 3250 802 3312 ΒΓ.
839 3249 900 3311 καί
920 3248 1007 3311 είσιν
1032 3240 1131 3330 ὀρθαὶ
1150 3235 1176 3302 as
1207 3242 1209 3251 '

250 3478 273 3526 6.
294 3466 342 3542 δῆ]
362 3466 394 3523 δέ
413 3472 475 3540 Vp;
494 3487 563 3526 corr.
583 3472 694 3543 Halley.
