2438 3892
159 145 224 211 236
556 148 724 215 Κειωιιιιιω
742 144 781 221 γ’.

158 290 373 380 περιεχέσθω.
428 293 529 378 λέγω,
566 288 618 358 ότι
650 289 891 376 ἐκβαλλόμεναι
923 294 1161 378 συμπεσοῦνται

159 394 324 484 ἀλλήλαις.

226 502 388 592 ἤχθωσαν
417 502 473 571 διὰ
500 507 641 589 τῶνβ,
668 510 700 571 Γ
725 502 896 592 διάμετροι
923 512 984 591 τῆς
1011 508 1111 593 τομής
1135 507 1165 572 αί

161 618 273 697 ΕΒΖ,
290 617 404 678 ΗΓΘ·
442 609 650 696 παράλληλοι
669 607 734 699 όρα
753 609 817 678 είσὶ
835 610 891 678 καὶ
908 607 990 678 καθ’
1012 613 1051 678 ’έν
1068 609 1164 698 μόνον

125 730 300 804 εσημείον
329 716 465 805 ἕκατέρα
493 715 554 802 τήν
583 715 690 804 τομήν
713 717 832 802 τέμνει.
878 715 1066 804 ἐπεζεύχθω
1090 713 1164 804 όήή

160 829 239 891 ΒΓ·
289 825 327 889 αί
357 823 423 910 ῦρα
455 818 521 889 ῦπὸ
550 826 661 907 ΕΒΓ,
685 827 792 888 ΒΓΗ
814 828 933 908 γωνίαι
962 821 1028 892 όῦο
1056 821 1165 913 όρθαῑς

159 938 230 998 ἶσαι
264 932 365 1014 είσίν,
398 930 435 994 αί
460 926 497 994 ὃέ
526 933 609 1013 ΔΓ,
632 934 699 994 BA
731 926 971 1015 ἐκβαλλόμεναι
1000 928 1165 1009 ἐλάττονας

158 1039 295 1105 ποιοῦσι
315 1035 377 1102 δύο
398 1031 523 1123 ὀρθῶν.
561 1038 807 1121 συμπεσοῦνται
826 1033 891 1120 ἄρα
909 1031 1071 1122 ἀλλήλαις
1084 1034 1165 1116 ἐκτὸς

158 1145 216 1230 τῆς
239 1146 349 1230 νομῆι·
679 1229 687 1253 ,

105 1256 140 1306 10
637 1256 697 1298 κε.

223 1352 301 1424 Ἐὰν
329 1355 499 1445 ὑπερβολῇ
528 1352 591 1423 δύο
621 1352 751 1422 εὐθεῖαι
779 1359 1013 1442 συμπίπτωσιν
1041 1357 1164 1442 ἑκατέρα

159 1460 242 1531 κατὰ
269 1460 332 1530 ὃῦο
361 1476 495 1549 σημεῖα,
522 1463 703 1549 μηὸετέρας
732 1459 769 1527 δέ
797 1458 911 1528 αύτῶν
939 1459 960 1549 ή
985 1461 1163 1551 σύμπτωσις

158 1566 224 1638 ῦπὸ
253 1573 320 1637 τῶν
347 1573 405 1656 τής
433 1569 545 1655 έτέρας
568 1566 794 1654 συμπτεόσεων
817 1569 1024 1656 περιέχηται,
1053 1588 1162 1657 συμπε

160 1679 300 1745 σοῦνται
318 1671 476 1762 ἀλλήλαις
494 1678 531 1741 αί
548 1672 677 1742 εύθεϊαι
692 1672 785 1753 ἐκτὸς
800 1673 861 1761 μέν
875 1678 934 1761 τῆς
947 1680 1063 1764 τομῆς,
1082 1673 1162 1753 ἐντός

107 1805 139 1854 15
160 1781 197 1849 δέ
219 1785 278 1868 τῆς
300 1780 516 1868 περιεχούσης
538 1779 600 1868 τήν
623 1779 729 1868 τομήν
752 1786 885 1866 γωνίας.

225 1893 308 1956 έστω
336 1884 521 1976 ὑπερβολή,
549 1877 589 1973 ἧς
612 1883 824 1975 ἀσύμπτωτοι
848 1890 885 1955 αί
905 1896 987 1976 ΑΒ,
1011 1896 1093 1976 ΑΓ,
1117 1885 1162 1956 καλ
1207 1970 1209 2003 Ι

160 1999 370 2083 τεμνέτωσαν
394 1998 456 2064 ὃόο
480 1991 611 2062 εῦθεῖαι
635 1993 697 2081 τήν
719 1994 824 2085 τομήν
848 1998 885 2063 αί
907 2004 984 2083 ΕΖ,
1008 2004 1093 2086 ΗΘ,
1118 1994 1162 2066 καλ
1207 2020 1209 2053 ;

158 2102 339 2191 μηδετέρας
369 2100 479 2170 αῦτῦν
511 2099 531 2189 ή

159 2208 349 2296 σύμπτωσις
371 2206 436 2277 ὑπὸ
464 2213 531 2277 των

105 2338 139 2386 20
158 2319 216 2403 τῆς
248 2316 360 2404 ἑτέρας
391 2317 532 2405 περιεχέ-

158 2432 241 2492 σθω.
287 2424 388 2511 λέγω,
417 2421 468 2492 ὅτι
497 2427 534 2490 αί

158 2539 240 2618 ΕΖ,
267 2538 340 2599 Ηο
379 2531 532 2618 ιιβιιιό-

158 2665 255 2725 μεναι
285 2643 532 2727 συμπεσοῦνται
564 2651 602 2702 A
625 2654 629 2659 ’

158 2744 250 2824 ἐκτός
268 2746 329 2832 μὲν
347 2751 406 2833 τής
418 2760 532 2835 τομῆς,

104 2847 252 2928 νὸἐντὸς
294 2850 331 2917 δέ
366 2858 425 2940 τῆς
465 2853 530 2922 ῦπὸ

157 2957 251 3020 ΓΑΒ
274 2962 405 3040 γωνίας.

225 3060 467 3149 ἐπιζευχθεῖσαι
486 3066 550 3154 γὰρ
569 3073 607 3137 αἱ
623 3079 655 3138 Α
661 3078 704 3156 Ζ,
723 3079 789 3138 ΑΘ
807 3071 1101 3160 ἐκβεβλήσθωσαν,
1118 3069 1166 3140 καί

158 3166 343 3254 ἐπεζεύχθω
368 3168 388 3257 ἡ
410 3178 477 3239 ΖΘ.
518 3175 573 3241 καὶ
597 3177 666 3244 ἐπεὶ
689 3179 727 3244 αἱ
744 3185 821 3263 ΕΖ,
839 3184 908 3244 ΗΘ
931 3178 1168 3267 ἐκβαλλόμεναι

156 3273 315 3359 τέμνουσι
347 3273 405 3354 τὰς
437 3273 503 3344 ῦπὸ
532 3288 646 3366 Am,
675 3289 775 3349 ΑΘΖ
807 3288 945 3369 γωνίας,
979 3286 1041 3352 εἶσί
1072 3286 1109 3355 δέ
1136 3286 1169 3353 αί

223 3441 253 3491 ό.
274 3435 376 3506 ΒΓΗ]
395 3453 422 3504 p,
443 3451 497 3489 om.
516 3436 549 3491 V.
639 3445 681 3495 13.
701 3440 888 3513 συμπτότεως
907 3444 945 3511 V;
965 3459 1035 3502 corr.
1055 3448 1166 3502 Memno.

194 3513 234 3565 15.
256 3509 362 3577 γωνίαν
380 3505 417 3575 V3
436 3521 506 3563 corr.
525 3525 552 3578 p.

527 3824 635 3860 Α
