2438 3892
385 163 600 217 conmonuit
616 166 727 217 umus
744 166 765 218 1.
1019 163 1081 230 107

64 306 224 391 producte
255 327 328 371 cum
359 309 448 372 recte
478 310 550 373 ΑΓ
576 311 746 374 concurret
778 312 882 394 [prop.
911 308 1081 394 XXXIII];

65 412 153 497 quod
170 411 242 478 fieri
260 434 328 479 non
344 417 467 499 potest3
485 416 535 480 ite
549 416 636 481 enim
656 414 793 480 duarum
807 417 968 481 rectarum
983 415 1082 481 iidem

626 522 757 587 termini
771 525 872 588 erunt.
890 522 1000 605 itaque
1010 526 1043 585 A
1048 526 1087 585 H

625 633 733 694 rectus
742 633 811 694 ΗΒ
825 628 1003 712 inaequalis
1015 650 1082 695 non

625 739 685 801 est.
727 756 805 820 ergo
830 736 975 819 aequalis
999 740 1058 800 est.

680 842 757 907 'iam
777 842 862 925 dico,
886 842 920 906 iu
940 842 1081 925 spatium

622 949 839 1014 interrectam
849 948 1081 1013 AFetsectio·

624 1077 696 1119 nem
716 1055 858 1139 positum
873 1055 996 1120 nullam
1015 1076 1080 1119 rec·

624 1164 693 1226 tam
715 1162 865 1228 incidere.

691 1290 768 1333 nam
801 1269 829 1332 si
859 1269 930 1332 fieri
961 1270 1079 1351 potest,

623 1374 745 1439 incidat
769 1376 848 1457 ΓΔ,
875 1378 1078 1458 ponaturque

58 1482 133 1545 ΗΕ
145 1508 188 1533 ==
203 1482 286 1564 HA,
314 1481 347 1543 et
373 1479 520 1546 ordinate
548 1479 684 1544 ducatur
706 1482 777 1543 EZ.
823 1483 911 1545 recte
933 1480 1035 1562 igitur
1059 1502 1078 1543 a

59 1591 95 1651 A
126 1585 168 1651 ed
197 1589 225 1650 Z
256 1585 352 1652 ductu
381 1586 557 1652 sectionem
585 1586 749 1671 contingit
777 1588 879 1670 [prop.
906 1584 1078 1668 XXXIII];

57 1692 219 1777 producte
254 1692 355 1777 igitur
391 1696 482 1758 extre
515 1715 586 1758 eam
618 1692 719 1757 cedet.
775 1713 874 1777 quere
906 1714 978 1756 cum
1012 1693 1083 1756 ΔΓ

58 1802 246 1885 concurret,
273 1802 306 1864 et
333 1799 469 1865 duarum
496 1803 658 1864 rectorum
686 1799 785 1863 iidem
813 1798 944 1864 termini
967 1802 1076 1885 erunt;

56 1905 145 1991 quod
168 1905 344 1970 absurdum
369 1908 427 1970 est.
468 1926 546 1990 ergo
569 1906 604 1970 in
627 1906 769 1990 spatium
792 1906 1075 1971 intersectionem

55 2014 91 2076 ct
111 2014 236 2077 rectum
258 2014 328 2076 ΑΓ
346 2012 488 2096 positum
511 2012 603 2077 nulla
625 2017 713 2076 rect-a
732 2013 859 2077 incidet.

490 2292 640 2361 XXXVI.

123 2434 160 2502 Si
190 2436 404 2521 hyperbolem
436 2437 490 2501 uel
523 2437 662 2522 ellipsim
691 2439 744 2502 uel
774 2438 934 2502 ambitum
963 2437 1074 2502 circuli

53 2548 147 2609 rectu
184 2542 349 2628 contingit
384 2565 458 2609 cum
489 2543 590 2608 lutere
621 2548 811 2608 transuerso
844 2545 967 2627 figurae
999 2564 1074 2607 con-

53 2670 200 2734 currens,
222 2653 256 2713 et
279 2672 298 2713 e
320 2652 440 2733 puncto
464 2654 632 2715 contactus
656 2650 696 2714 ad
715 2648 910 2714 diametrum
928 2648 1073 2714 ordinate

55 2756 186 2823 ducitur
204 2758 301 2840 recte,
325 2755 397 2839 erit,
416 2759 452 2820 ut
470 2760 559 2821 recte
578 2778 598 2820 e
616 2755 819 2839 contingenti
838 2755 879 2819 ad
898 2755 1072 2820 terminum

52 2862 170 2929 leteris
196 2862 376 2927 transuersi
404 2861 531 2927 abscisa
554 2862 594 2926 ad
618 2866 740 2926 rectam
765 2884 784 2926 a
806 2862 1008 2948 contingenti
1031 2863 1072 2928 ud

54 2968 195 3035 alterum
230 2967 408 3033 terminum
444 2967 555 3032 luteris
594 2970 773 3033 transuersi
807 2968 987 3052 abscisum,
1024 2970 1072 3035 ite

52 3078 145 3141 recte
172 3074 213 3140 ab
242 3073 388 3140 ordinate
416 3073 512 3139 ducta
533 3054 580 3139 'cd
608 3075 784 3139 terminum
810 3075 922 3140 lateris
945 3076 1072 3142 abscisa

54 3180 97 3247 ad
128 3183 252 3247 rectem
284 3180 324 3246 ab
358 3180 505 3246 ordinate
538 3182 633 3245 ducta
660 3182 701 3246 ad
729 3182 868 3246 alterum
897 3183 1072 3247 terminum

52 3285 168 3354 leteris
187 3286 358 3373 abscisam,
378 3288 426 3351 itu
444 3291 481 3351 ut
500 3291 604 3352 rectae
625 3288 709 3352 iuter
728 3310 762 3352 se
782 3288 1071 3373 correspondentes

54 3394 229 3460 continuae
257 3394 334 3478 sint,
364 3396 397 3457 et
425 3395 461 3458 in
489 3395 631 3478 spatium
657 3394 744 3459 inter
771 3395 1012 3479 contingentem
1039 3398 1071 3458 et

54 3498 233 3567 sectionem
257 3500 331 3566 coni
353 3501 499 3585 positum
523 3501 586 3565 alia
608 3504 698 3566 recta
720 3523 787 3566 non
809 3501 938 3565 incidet.
