2438 3892
160 148 225 212 174
556 150 723 204 Κααιεαα
741 146 782 204 α’.

158 287 179 377 6
211 296 277 359 ΓΑ
309 289 394 379 πρὸς
424 292 487 374 τήν
520 294 702 359 διπλασίαν
732 301 790 378 τῆς
817 298 901 377 AA,
935 293 1089 362 τουτέστι
1119 293 1173 380 τήν

156 402 239 483 ΑΒ,
270 394 309 465 τὸ
337 394 403 464 ἀπὸ
431 403 505 464 ΖΗ
525 395 610 485 πρὸς
635 396 673 465 τὸ
702 394 767 464 ὑπὸ
796 404 921 482 ΔΗΑ,
957 396 1034 467 ἀλλ’
1070 396 1092 486 6
1119 398 1172 486 μὲν

157 508 224 571 ΓΑ
255 501 338 589 πρὸς
370 502 433 590 τήν
467 507 647 571 διπλασίαν
679 514 738 590 τῆς
765 512 797 572 A
804 512 837 570 A
863 505 926 572 τὸν
956 511 1171 592 συγκείμενον

157 614 223 696 ἔχει
246 607 351 695 λόγον
375 613 410 678 ἐκ
433 613 495 678 τοῦ
519 605 560 677 δυ
584 614 651 695 ἔχει
673 605 694 695 6
714 615 779 677 ΓΑ
800 610 885 698 πρὸς
907 608 970 696 τήν
995 613 1170 679 διπλασίαν

123 735 139 783 5
158 728 217 803 τῆς
233 724 266 783 Α
273 724 301 783 Θ
322 716 379 783 καὶ
403 718 439 784 έκ
462 719 523 784 τοῦ
547 711 588 783 δν
612 720 678 802 ἔχει
702 713 722 802 6
747 719 906 783 διπλασία
928 727 985 802 τῆς
1007 724 1072 785 ΑΘ
1095 716 1169 805 πρὸς

154 825 216 909 τήν
245 825 425 890 διπλασίαν
452 831 510 906 τῆς
534 828 618 906 ΔΑ,
646 821 817 889 τουτέστιν
845 819 866 908 ή
890 828 956 889 ΘΑ
984 821 1072 909 πρὸς
1094 830 1168 908 AA,

154 928 326 996 τουτέστιν
349 925 371 1014 6
395 934 462 994 ΖΗ
484 925 567 1014 πρίῑς
589 933 679 1012 HA,
702 925 724 1014 6
748 933 813 995 ΓΑ
834 928 900 1016 ἄρα
923 928 1008 1015 πρὸς
1027 936 1095 997 ΑΒ
1116 928 1167 998 τδν

155 1039 375 1120 συγκείμενον
404 1037 469 1119 ἔχει
496 1032 601 1120 λόγον
629 1038 665 1100 ἔκ
691 1060 726 1103 τε
753 1037 815 1101 τοῦ
838 1045 896 1121 τῆς
919 1040 984 1101 ΓΑ
1007 1034 1095 1124 πρὸς
1114 1037 1166 1122 τήν

155 1144 335 1207 διπλασίαν
362 1149 421 1226 τῆς
443 1146 510 1206 ΑΘ
536 1139 677 1208 καὶτοῦ
699 1151 758 1226 τής
782 1147 853 1206 ΖΗ
872 1139 956 1228 πρὸς
980 1147 1064 1210 HA.
1109 1146 1166 1228 ἔχει

67 1236 70 1243 ’
103 1266 135 1314 10
154 1245 192 1313 δὲ
219 1245 276 1313 καὶ
302 1243 340 1313 τὸ
368 1240 434 1313 ἄπο
461 1251 531 1313 ΖΗ
553 1244 636 1332 πρὸς
662 1245 701 1313 τὸ
730 1243 797 1314 ὑπὸ
824 1253 934 1315 ΔΗΑ
960 1245 1023 1315 τὸν
1048 1252 1167 1334 συγκεί-

154 1378 258 1440 μενον
285 1351 390 1437 λόγον
418 1352 453 1420 ἐκ
480 1354 542 1420 τοῦ
570 1347 611 1419 δν
638 1357 705 1439 ἔχει
733 1349 754 1439 ή
779 1359 852 1420 ΖΗ
869 1351 953 1439 πρὸς
976 1361 1053 1422 HA
1075 1351 1166 1440 καλή

154 1466 227 1526 ΖΗ
245 1457 329 1548 πρὸς
350 1465 435 1526 ΗΑ·
478 1456 496 1526 6
521 1458 587 1546 ίίρα
611 1465 826 1545 συγκείμενος
849 1458 949 1545 λόγος
972 1461 1009 1528 ἐκ
1032 1464 1094 1529 τοῦ
1116 1470 1168 1546 τῆς

153 1573 219 1634 ΓΑ
250 1565 334 1655 πρδς
364 1564 427 1652 τήν
456 1569 636 1633 διπλασίαν
663 1575 722 1651 τῆς
748 1572 815 1633 ΑΘ
842 1566 898 1633 καὶ
928 1569 991 1634 τοῦ
1016 1578 1078 1653 τῆς
1104 1571 1170 1634 ΖΗ

152 1670 237 1761 πρὸς
263 1679 339 1740 HA
371 1670 389 1740 6
422 1670 523 1752 αὐτός
555 1672 624 1739 ἐστι
657 1674 703 1762 τῷ
730 1673 935 1763 συγκειμένῳ
965 1673 1000 1740 έκ
1028 1685 1092 1742 τοῦ
1117 1684 1171 1761 τής

102 1795 134 1844 15
155 1784 227 1843 ZH
254 1777 338 1864 πρὸς
364 1785 437 1845 ΗΑ
463 1778 608 1845 καὶτοῦ
635 1789 692 1865 τής
721 1784 793 1845 ΖΗ
816 1777 897 1865 πρὸς
924 1785 1007 1849 ΗΔ.
1060 1779 1170 1860 κοινὸς

153 1881 344 1972 ἀφῃρήσθω
378 1881 395 1951 6
428 1895 485 1970 τῆς
513 1890 588 1950 ΖΗ
611 1883 695 1972 πρὸς
721 1891 796 1951 HA
822 1885 935 1973 λόγος·
986 1889 1080 1955 ἔστιν
1108 1887 1171 1973 ἄρα

154 1987 200 2069 ὥς
227 1987 249 2076 6
272 1995 338 2058 ΓΑ
364 1987 448 2078 πρὸς
474 1989 537 2077 τήν
561 1982 741 2059 διπλασίαν
763 2003 822 2079 τῆς
845 1998 926 2078 ΑΘ,
949 1987 970 2079 6
996 1997 1071 2059 ΖΗ
1088 1991 1170 2081 πρὸς

151 2102 234 2164 ΗΑ.
279 2093 325 2176 ὥς
348 2097 386 2163 δὲ
408 2094 429 2182 6
455 2102 526 2163 ΖΗ
544 2094 627 2185 πρὸς
648 2103 737 2183 ΗΑ,
765 2095 786 2183 6
813 2104 879 2165 ΟΑ
900 2098 984 2185 πρὸς
1007 2102 1086 2177 ΑΞ·
1129 2096 1172 2179 ὦς

153 2202 219 2291 ἄρα
242 2199 263 2289 ή
287 2209 352 2270 ΓΑ
375 2202 459 2291 πρὸς
487 2202 548 2289 τήν
568 2206 749 2271 διπλασίαν
772 2215 830 2291 τῆς
852 2212 933 2292 ΑΘ,
955 2202 977 2292 6
1001 2211 1067 2274 0A
1090 2205 1173 2293 πρὸς

100 2329 134 2377 20
153 2313 225 2388 ΑΞ.
277 2308 358 2379 ὅταν
391 2309 429 2377 δὲ
455 2313 556 2376 τοῦτο
584 2300 621 2397 ᾖ,
655 2309 733 2397 παρ’
765 2306 809 2395 ήυ
838 2310 1007 2379 δύνανταί
1033 2314 1125 2381 ἐστιν
1152 2309 1171 2399 6

153 2425 230 2487 ΑΓ·
277 2421 377 2486 τοῦτο
401 2413 466 2504 γὰρ
490 2415 655 2482 δέδεικται
679 2418 716 2484 έν
738 2419 785 2506 τῷ
807 2416 842 2484 ν’
866 2416 1071 2504 θεωρήματι.

628 2592 694 2664 νς’.

222 2720 297 2787 Δύο
322 2722 492 2787 δοθεισῶν
517 2714 662 2785 εὐθειῶν
681 2719 941 2805 πεπερασμένων
959 2718 1045 2802 πρὸς
1064 2718 1172 2805 ὀρθδις

153 2819 313 2909 ἀλλήλαις
345 2823 457 2911 εὑρεῖν
489 2825 564 2910 περὶ
597 2823 776 2910 διάμετρον
809 2821 871 2910 τήν
905 2825 1022 2912 ἑτέραν
1056 2825 1171 2896 αὐτῶν

100 2947 134 2996 25
153 2927 266 2996 κοίνου
299 2929 405 3017 τομήν
433 2928 494 3015 τήν
521 2933 734 3017 καλουμένην
763 2934 911 3011 ἔλλειψιν
939 2932 977 2998 έν
1004 2935 1051 3023 τῷ
1079 2931 1170 3025 αὐτῷ

154 3035 298 3122 ἐπιπέδῳ
326 3048 399 3115 ταῖς
426 3032 589 3122 εὐθείαις,
617 3029 657 3123 ής
684 3035 816 3124 κορυφή
845 3042 936 3104 ἔσται
963 3036 1001 3106 τδ
1024 3037 1110 3126 πρὸς
1132 3050 1171 3128 τῇ

154 3139 243 3229 ὀρθή
262 3146 369 3230 γωνίᾳ
388 3155 538 3227 σημείου,
557 3146 595 3209 αλ
612 3143 649 3210 δὲ
667 3142 890 3229 καταγόμευαι
909 3141 974 3212 ἀπὸ
994 3155 1052 3230 τῆς
1068 3157 1171 3233 τομῆς

154 3247 206 3316 ἐπὶ
234 3246 296 3333 τήν
324 3247 504 3334 διάμετρον
533 3251 571 3316 ἐν
597 3254 705 3340 γωνία
733 3252 874 3338 δοθείσῃ
899 3249 1108 3337 δυνήσονται
1130 3254 1170 3321 τὰ

153 3376 366 3388 ,-,-.,.....-

226 3432 250 3480 5.
271 3421 302 3481 ἐκ
321 3427 383 3493 τοῦ]
404 3419 434 3488 ἐξ
453 3418 487 3478 οὗ
508 3426 545 3491 V;
565 3442 635 3481 corr.
650 3426 758 3497 Halley.
832 3433 875 3484 λλ.
894 3424 954 3499 ις’]
973 3446 1002 3498 1),
1022 3429 1168 3496 Εαίοοίιιες

154 3515 208 3553 om.
227 3498 261 3553 V.
333 3501 376 3552 24.
396 3491 504 3567 εὑρεῖν]
526 3490 596 3567 εῧρη
615 3499 652 3563 V3
672 3514 741 3555 corr.
760 3516 787 3567 p.
