2438 3892
121 160 185 225 266
518 157 686 212 Καυωοα
705 153 743 230 μ’.

187 301 428 388 συντεθῆσεται
458 297 500 387 δῆ
529 297 647 379 οὕτως·
695 303 777 366 έστω
805 293 826 383 ῆ
856 300 1000 365 δοθεῖσα
1024 294 1119 365 κώνου

120 410 215 496 τομῆ,
240 406 292 496 ἐφ’
315 398 356 495 ῆς
377 407 418 476 τὰ
442 415 485 492 A,
505 413 544 494 Β,
564 412 603 492 Γ,
622 414 666 490 Δ,
686 413 718 473 Ε
739 416 875 492 σημεῖα,
898 403 955 472 καὶ
978 402 1120 492 ἤχθωσαν

120 515 329 604 παράλληλοι
357 517 395 582 αί
417 520 498 600 ΒΔ,
522 520 591 580 ΑΕ
611 512 667 580 καὶ
689 510 934 598 τετμήσθωσαν
959 516 1034 599 δίχα
1055 508 1122 578 κατὰ

121 621 162 691 τὰ
180 629 217 706 Ζ,
238 629 275 690 Θ.
311 622 367 689 καὶ
393 623 625 707 ἐπιζευχθεῖσα
647 616 668 705 ῆ
690 625 752 686 ΖΘ
776 617 955 707 διάμετρος
973 622 1062 685 ἔσται
1078 619 1123 702 τῆς

87 731 234 815 οτομῆς.
281 731 327 820 τῷ
357 726 394 795 δὲ
423 723 512 817 αὐτῷ
540 724 650 817 τρόπω
681 724 737 792 καὶ
766 722 926 814 ἀπείρους
954 720 1124 811 εὑρήσομεν

123 835 329 920 διαμέτρους.

599 981 662 1041 με·
703 1023 706 1030 -

65 1170 69 1174 ¹
194 1084 260 1167 Τῆς
287 1084 447 1166 δοθείσης
474 1080 650 1160 ἐλλείψεως
678 1074 698 1165 ῆ
727 1074 916 1166 ὑπερβολῆς
939 1077 978 1147 τὸ
1001 1080 1127 1167 κέντρον

125 1184 245 1275 εὑρεῖν.

72 1317 105 1366 10
189 1296 288 1360 τοῦτο
317 1291 355 1360 δὲ
384 1291 547 1379 φανερόν·
598 1291 658 1360 ἐὰν
685 1290 750 1382 γὰρ
780 1295 948 1379 διαχθῶσι
978 1291 1042 1360 δύο
1071 1289 1130 1359 διᾶ-

124 1426 238 1486 μετροι
260 1403 318 1487 τῆς
341 1403 445 1486 τομῆς
468 1402 505 1466 αί
526 1404 605 1483 ΑΒ,
628 1404 711 1483 ΓΔ,
734 1395 815 1465 καθ’
839 1393 856 1465 δ
880 1398 1063 1484 τέμνουσιν
1084 1395 1131 1464 ἄλ·

125 1505 237 1593 λῆλας,
261 1509 353 1574 έσται
375 1509 435 1593 τῆς
457 1509 561 1592 τομῆς
583 1503 621 1571 τὸ
644 1505 800 1590 κέντρον,
825 1499 870 1583 ὡς
893 1501 1073 1573 ὑπόκειται.

601 1722 668 1785 μς.

196 1829 262 1911 Τῆς
285 1829 445 1909 δοθείσης
466 1823 580 1891 κώνου
601 1827 705 1910 τομῆς
727 1820 788 1891 τὸν
812 1821 916 1904 ἄξονα
941 1821 1063 1910 εὑρεῖν.

75 1951 108 2000 15
194 1934 277 1996 ἔστω
305 1927 325 2015 ῆ
355 1934 497 1997 δοθεῖσα
522 1927 636 1997 κοίνου
658 1928 742 2016 τομῆ
766 1929 932 2018 πρότερον
956 1927 1133 2017 παραβολή,

127 2033 179 2120 ἐφ’
206 2025 246 2122 ῆς
267 2032 309 2100 τδι
333 2042 375 2118 Ζ,
396 2039 435 2119 Γ,
454 2042 491 2102 Ε.
539 2039 593 2103 δεῖ
614 2033 656 2121 δῆ
681 2032 786 2122 αὐτῆς
807 2036 868 2104 τὸν
892 2037 998 2118 ἄξονα
1023 2034 1134 2124 εὑρεῖν.

191 2140 288 2228 ἤχθω
312 2139 378 2228 γὰρ
402 2137 506 2227 αὑτῆς
530 2140 706 2228 διάμετρος
730 2139 750 2228 ῆ
775 2148 849 2209 ΑΒ.
897 2147 928 2210 εί
949 2141 1013 2229 μὲν
1036 2136 1134 2225 οὑνῆ

130 2257 190 2316 AB
219 2246 308 2329 ἄξων
333 2250 415 2333 ἐστί,
445 2246 584 2334 γεγονὸς
608 2248 651 2316 ἄν
675 2256 725 2334 είη
749 2247 787 2316 τὸ
813 2251 1008 2334 ἐπιταχθέν·
1054 2252 1084 2316 εί
1105 2247 1136 2314 δὲ

128 2356 180 2443 οὔ,
204 2356 378 2443 γεγονέτω,
402 2357 458 2423 καὶ
478 2361 560 2423 έστω
580 2353 670 2436 ἄξων
691 2353 708 2423 ὑ
728 2360 806 2422 ΓΛ·
845 2352 863 2422 ὑ
884 2361 951 2422 ΓΛ
969 2357 1035 2443 ἄρα
1054 2355 1136 2435 ἄξων

77 2483 112 2533 20
130 2463 342 2550 παράλληλός
371 2466 439 2531 ἐστι
462 2474 501 2551 τῆ
526 2469 592 2528 ΑΒ
615 2463 670 2529 καὶ
692 2459 753 2540 τὰς
775 2459 942 2548 ἀγομένας
965 2458 1016 2529 ἐπ’
1038 2461 1136 2546 αὐτὴν

127 2573 291 2650 καθέτους
324 2575 400 2656 δίχα
432 2571 552 2655 τέμνει.
607 2570 645 2634 αί
673 2567 711 2635 δὲ
740 2567 793 2635 ἐπὶ
820 2566 883 2653 τῆν
911 2572 977 2634 ΓΔ
1006 2567 1137 2635 νιᾶθετοι

128 2681 185 2745 καὶ
209 2679 261 2746 ἐπὶ
283 2676 345 2765 τῆν
368 2683 433 2743 ΑΒ
458 2674 601 2742 νᾶθετοί
621 2679 720 2742 εἰσιν·
767 2672 852 2743 ὥστε
875 2671 896 2761 ῆ
920 2679 987 2740 ΓΔ
1010 2673 1070 2754 τὰς
1093 2672 1137 2740 ἐπὶ

127 2783 187 2868 τῆν
215 2791 281 2849 AB
313 2783 477 2862 καθέτους
513 2784 588 2866 δίχα
615 2782 733 2865 τέμνει.
786 2779 847 2847 ἐὰν
876 2770 939 2846 οὑν
967 2781 1056 2860 τᾶξω
1084 2778 1137 2863 τῆν

130 2895 192 2953 ΕΖ
215 2887 361 2954 κάθετον
385 2886 438 2953 ἐπὶ
460 2885 522 2972 τῆν
541 2894 622 2970 AB,
646 2891 737 2952 ἔσται
761 2886 866 2968 θέσει,
889 2885 945 2951 καὶ
969 2886 1026 2952 διὰ
1046 2895 1137 2953 τοῦτο

77 3008 111 3056 25
131 3003 185 3079 ίση
210 2992 300 3059 ἐστὶν
323 2989 343 3078 ῆ
364 2999 432 3058 ΕΛ
455 2997 495 3080 τῆ
516 2999 596 3058 ΔΖ·
634 2991 739 3058 δοθέν
763 2989 828 3075 ἄρα
854 2991 921 3057 ἐστὶ
945 2989 983 3057 τὸ
1005 3001 1047 3060 Δ.
1090 2988 1138 3058 διδ

131 3097 316 3182 δεδομένου
345 3097 410 3182 ἄρα
438 3110 499 3165 τοῦ
526 3108 557 3163 Δ
585 3097 673 3181 παρὰ
703 3100 796 3165 θέσει
824 3095 885 3182 τῆν
909 3104 974 3163 ΑΒ
1005 3089 1136 3185 ῆκταιὴ

131 3212 162 3274 Γ
165 3213 211 3271 Λ·
256 3203 349 3269 θέσει
374 3204 439 3288 ἄρα
464 3203 554 3270 ἐστὶν
578 3200 598 3288 ῆ
623 3208 697 3269 ΓΔ.

198 3309 434 3392 συντεθῆσεται
466 3307 507 3394 δῆ
537 3306 655 3387 οὑτως·
708 3314 791 3375 ἔστω
820 3306 840 3394 ῆ
870 3313 1013 3376 δοθεῖσα
1042 3336 1139 3395 παρα-

134 3437 344 3451 -a-ae-—-

203 3515 245 3563 28.
265 3500 313 3576 δῆ]
333 3500 365 3558 δέ
383 3500 494 3570 Halley.
