2438 3892
147 136 192 200 24
546 138 713 191 ΚΩΝῙΚΩΝ
732 133 771 191 α’.

147 277 223 366 ήτοι
243 283 284 367 τή
308 278 405 365 βᾶσει
427 288 488 347 τοῦ
511 276 567 346 διὰ
591 283 653 347 τοῦ
677 277 799 359 ἄξονος
820 278 990 365 τριγώνου
1014 275 1038 366 ή
1059 285 1102 370 τῇ
1122 281 1172 351 ἐπ’

149 383 285 465 εὐθείας
304 383 400 475 αὐτή,
424 389 461 453 αί
478 384 642 471 ἀγόμεναι
662 382 794 453 εὐθεῖαι
812 382 878 453 ἀπὸ
892 387 951 471 τής
964 393 1175 476 γενηθείσης

149 502 252 579 τομῆς
266 494 303 560 ἐν
317 495 357 580 τῇ
372 496 434 560 τοῦ
448 491 562 560 κώνου
577 495 764 582 ἐπιφανείᾳ,
783 487 827 575 ήν
841 493 977 578 ἐποίησε
992 490 1032 560 τὸ
1049 496 1175 583 τέμνον

150 601 324 683 ἐπίπεδον,
357 599 564 686 παράλληλοι
596 602 637 688 τή
664 596 749 685 πρὸς
776 595 884 684 ὀρθὰς
910 601 949 686 τή
977 598 1082 685 βάσει
1111 608 1173 670 τοῦ

114 720 130 769 ο
148 705 317 793 τριγώνου
341 703 459 795 εὐθείᾳ
482 705 535 772 ἐπὶ
557 704 620 792 τήν
643 704 762 790 κοινήν
781 702 888 791 τομήν
906 709 1094 774 πεσοῦνται
1113 712 1176 777 τοῦ

148 814 329 899 τέμνοντος
352 813 510 880 ἐπιπέδου
533 812 668 880 καὶτοῦ
692 809 748 878 διὰ
771 814 833 879 τοῦ
856 809 978 892 ἄξονος
997 813 1177 899 τριγώνου

149 920 205 986 καί
224 917 552 1004 προσεκβαλλόμεναι
573 919 634 996 ἕως
647 920 708 986 τοῦ
723 917 838 1005 ἑτέρου
852 919 976 1003 μέρους
990 921 1052 1003 τῆς
1071 926 1178 1008 τομής

151 1029 228 1110 δίχα
250 1022 484 1110 τμηθήσονται
507 1021 564 1091 ὑπ’
586 1023 704 1110 αὐτῆς,
726 1025 783 1092 καὶ
806 1022 865 1091 ἐὰν
888 1022 949 1109 μὲν
974 1021 1086 1110 ὀρθὸς
1109 1023 1133 1116 ᾖ
1159 1026 1177 1097 ὁ

149 1134 272 1216 κώυος,
305 1128 325 1217 ή
356 1132 393 1198 ἐν
423 1135 462 1218 τῇ
490 1129 589 1218 βᾶσει
617 1129 734 1199 εὐθεῖα
762 1129 845 1218 πρὸς
872 1127 981 1215 ὀρθὰς
1009 1134 1108 1200 ἔσται
1137 1138 1178 1224 πή

97 1251 131 1299 10
149 1241 247 1324 κοινή
271 1247 355 1324 τομή
384 1240 445 1304 τοῦ
469 1237 652 1323 τέμνοντος
674 1237 834 1306 ἐπιπέδου
861 1238 917 1304 καί
941 1240 1003 1303 τοῦ
1029 1237 1092 1305 διὰ
1113 1244 1178 1309 τοῦ

150 1341 271 1425 ἄξονος
298 1344 482 1431 τριγώνου,
515 1341 575 1411 ἐὰν
608 1343 645 1411 δὲ
677 1343 859 1429 σκαληνός,
892 1340 953 1411 οὐκ
985 1345 1055 1412 acet
1090 1346 1178 1436 πρὸς

151 1447 260 1539 ὀρθὰς
289 1453 395 1536 ἐσται,
430 1447 504 1518 ἄλλ’
532 1450 614 1519 ὅταν
637 1448 674 1518 τὸ
701 1449 758 1517 διὰ
781 1452 842 1518 τοῦ
865 1447 987 1530 ἄξονος
1010 1450 1177 1522 ἐπίπεδον

150 1558 233 1643 πρὸς
256 1553 364 1644 ὀρθὰς
386 1548 408 1644 ᾖ
431 1560 470 1645 τή
494 1555 592 1642 βᾶσει
615 1560 675 1625 τοῦ
698 1555 821 1625 κώνου.

219 1667 301 1730 έστω
325 1668 449 1748 κώνος,
474 1654 516 1730 οὗ
538 1662 671 1751 κορυφή
690 1664 752 1750 μὲν
775 1661 812 1731 τὸ
838 1671 871 1729 Α
892 1675 1051 1749 σημεῖον,
1078 1665 1178 1752 βᾶσις

99 1782 132 1832 15
153 1768 191 1836 δὲ
206 1765 223 1836 ὁ
239 1776 268 1835 Β
277 1774 306 1840 Γ
320 1766 451 1853 κύκλος,
470 1770 526 1836 καί
540 1768 716 1856 τετμήσθω
733 1771 875 1859 ἐπιπέδῳ
892 1765 947 1834 διὰ
961 1772 1022 1835 τοῦ
1037 1770 1178 1860 ἄξονος,

151 1874 207 1941 καὶ
229 1878 363 1942 ποιείτω
386 1872 493 1961 τομήν
514 1876 553 1943 τὸ

152 1985 255 2047 ΑΒΓ
277 1985 454 2067 τρίγωνον.
507 2008 555 2049 τε·

151 2084 292 2172 τμήσθω
314 2085 351 2154 δὲ
374 2088 429 2154 καί
454 2088 552 2178 ἑτέρῳ

152 2193 296 2282 ἐπιπέδω
328 2193 483 2280 τέμνοντι
515 2192 552 2262 τὸ

99 2313 133 2361 20
153 2300 326 2383 ἐπίπεδον,
353 2292 439 2367 ἐν
413 2327 438 2367 ω
464 2302 554 2368 ἐστιν
691 2369 705 2383 ,

153 2402 171 2473 ὁ
208 2411 275 2472 ΒΓ
305 2405 443 2535 κήκλος,
479 2403 551 2474 κατ’
593 2405 697 2543 ff.
749 2438 759 2459 ι

152 2511 291 2581 εὐθειαν
310 2511 372 2600 τήν
389 2512 501 2581 ΔΕ”
480 2540 554 2600 ητοι

152 2617 236 2705 πρὸς
254 2618 360 2706 ὀρθὰς
383 2616 491 2689 οὖσαν
514 2625 554 2708 τή
595 2589 855 2752 ΝΣ,
943 2597 1049 2698 ἱ

152 2722 258 2811 ΒΓή
281 2730 321 2814 τῇ
345 2725 395 2794 ἐπ’
420 2725 555 2804 εὐθείας

99 2845 132 2893 25
153 2827 248 2919 αὐτή,
271 2832 327 2898 καί
350 2838 484 2900 ποιείτω
503 2858 555 2898 το-

154 2936 222 3023 μήν
260 2938 296 3006 ἐν
329 2941 368 3026 τή
398 2940 575 3027 ἐπιφανείᾳ
601 2940 661 3007 τοῦ
690 2935 803 3005 κώνου
831 2934 893 3022 τήν
921 2942 1038 3003 ΔΖΕ·
1072 2938 1173 3026 κοινή

155 3041 196 3129 δή
222 3042 306 3130 τομή
332 3054 392 3112 τοῦ
416 3047 596 3130 τέμνοντος
619 3045 778 3111 ἐπιπέδου
805 3041 860 3108 καὶ
888 3051 948 3108 τοῦ
971 3047 1077 3108 ΑΒΓ
1105 3069 1175 3132 τρι-

155 3148 269 3235 γώνου
293 3147 313 3236 ή
334 3154 412 3220 ΖΗ.
446 3152 501 3218 καί
525 3149 679 3238 εἰλήφθω
702 3176 734 3217 τι
758 3160 896 3235 σημεῖον
920 3147 973 3214 ἐπὶ
991 3150 1050 3232 τής
1071 3157 1177 3218 ΔΖΕ

228 3421 251 3471 1.
270 3416 335 3504 τοῦ]
355 3417 442 3500 vfiV3
463 3433 575 3487 τοτυμ
649 3421 690 3469 22.
712 3410 785 3484 ήτοι]
806 3409 929 3483 ήτλί,”
911 3433 974 3483 ητοι
992 3431 1049 3482 mg.
1064 3432 1104 3469 m.
1119 3433 1174 3472 rec.

190 3491 232 3540 27.
252 3483 301 3558 δή]
321 3488 434 3557 scripsi;
454 3488 539 3544 δέλΤ.
