2438 3892
46 176 48 180 ’
127 191 172 255 54
276 197 285 212 ’
522 191 690 244 mum
708 185 748 247 α’.

195 337 344 402 ἔστωσαν
368 336 405 400 αί
425 359 508 402 κατα
531 333 687 421 κορυφήν
711 330 913 417 ἐπιφάνειαι,
937 323 986 401 ὧν
1008 334 1142 421 κορυφή

125 442 163 510 τὸ
188 450 221 508 A
244 454 398 528 σημεῖον,
423 439 479 508 καὶ
502 439 744 527 τετμήσθωσαν
767 441 910 531 ἐπιπέδῳ
934 439 978 527 μή
1005 441 1062 507 διδι
1084 451 1144 527 τῆς

124 559 294 637 κορυφῆς,
329 546 384 614 καὶ
421 553 554 616 ποιείτω
592 548 630 614 ἐν
664 557 704 636 τῇ
742 548 919 637 ἐπιφανείᾳ
950 548 1054 634 τομάς
1084 549 1145 627 τάς

127 662 243 742 ΔΕΖ,
270 661 385 723 ΗΘΚ.
426 654 528 740 λέγω,
555 653 607 722 ὅτι
636 654 773 739 ἑκατέρα
800 664 869 722 τῶν
892 660 1008 741 ΔΕΖ,
1036 661 1146 722 ΗΘΚ

91 783 107 832 5
126 772 239 850 τομῶν
263 763 353 830 ἐστιν
376 757 397 847 ή
421 761 610 846 καλουμένη
633 757 812 847 ὑπερβολή.

193 873 278 937 ἔστω
305 868 371 955 γάρ
401 863 419 935 ὁ
447 865 583 952 κύκλος,
611 868 692 934 καθ’
719 858 761 935 οὗ
784 869 920 954 φέρεται
943 864 964 954 ή
987 868 1051 955 τήν
1075 870 1144 936 ἐπι-

126 975 270 1064 φάνειαν
293 972 471 1069 γράφουσα
495 971 622 1059 εὐθεῖα,
647 970 834 1060 δΒΛΓΖ,
857 974 913 1042 καὶ
931 972 1026 1061 ήχθω
1048 978 1084 1043 ἐυ
1102 986 1142 1064 τῇ

125 1083 208 1150 κατά
235 1106 391 1168 κορυφήν
419 1082 597 1170 ἐπιφανείᾳ
624 1078 840 1166 παράλληλον
868 1079 958 1171 αὐτῷ
985 1084 1143 1152 ἐπίπεδον

125 1187 163 1256 τὸ
183 1190 334 1266 ΞΗΟΚ·
372 1187 483 1256 κοιναὶ
502 1186 540 1255 δέ
557 1187 656 1275 τομαὶ
675 1198 744 1256 τῶν
763 1194 885 1273 ΗΘΚ,
911 1195 1011 1256 ΖΕΔ
1029 1201 1143 1276 τομῶν

74 1317 107 1366 10
124 1295 180 1363 καὶ
211 1304 280 1362 τῶν
313 1293 445 1363 κύκλων
477 1297 515 1362 αί
541 1301 622 1380 ΖΛ,
650 1300 735 1362 ΗΚ·
787 1298 919 1362 ἐσονται
949 1296 990 1381 δή
1018 1297 1143 1381 παράλ·

124 1409 229 1489 λήλοι.
265 1400 355 1484 άξων
379 1401 417 1470 δέ
440 1406 523 1470 ἔστω
546 1413 605 1489 τής
622 1412 766 1488 κωμικῆς
784 1402 980 1488 ἐπιφανείας
1004 1428 1025 1487 η
1045 1411 1147 1472 ΛΑΤ

125 1507 254 1596 εὐθείᾳ,
276 1511 398 1597 κέντρα
421 1508 459 1577 δὲ
480 1519 550 1578 τάν
573 1507 706 1576 κύκλων
728 1508 768 1577 τά
789 1514 831 1593 Λ,
858 1517 894 1594 Τ,
916 1508 972 1576 καὶ
996 1508 1061 1579 άπὸ
1082 1521 1144 1579 τοῦ

125 1623 156 1684 Λ
184 1616 237 1684 ἐπὶ
264 1617 327 1703 τήν
351 1623 416 1684 ΖΛ
444 1616 588 1695 κάθετος
616 1613 759 1701 άχθείσα
787 1613 1002 1702 ἐκβεβλήσθω
1026 1617 1080 1684 ἐπί
1102 1618 1143 1685 τδι

125 1731 165 1809 Β,
188 1727 221 1790 Γ
235 1736 366 1809 σημεῖα,
384 1722 440 1789 καὶ
459 1722 515 1789 διά
535 1733 595 1809 τῆς
612 1727 679 1789 ΒΓ
693 1722 748 1789 καὶ
767 1733 827 1790 τοῦ
847 1722 967 1803 άξονος
985 1725 1143 1792 ἐπίπεδον

73 1850 106 1900 15
126 1827 354 1915 ἐκβεβλήσθω·
393 1827 526 1914 ποιήσει
556 1829 597 1915 δή
626 1829 731 1915 τομάς
759 1831 796 1897 ἐν
824 1828 886 1915 μέν
912 1843 982 1908 τοῖς
1008 1830 1145 1911 κύκλοις

124 1933 358 2022 παραλλήλους
377 1932 512 2014 εὐθείας
529 1935 590 2014 τὰς
605 1938 685 2021 ΞΟ,
699 1941 776 2024 ΒΓ,
795 1937 831 2004 ἐν
851 1935 889 2004 δέ
906 1946 946 2025 τῇ
967 1937 1136 2028 ἐπιφανεί,

124 2042 183 2122 τάς
206 2047 321 2122 BAO,
341 2044 449 2118 ΓΑΞ·
491 2046 581 2110 ἔσται
610 2043 651 2129 δή
681 2041 737 2109 καὶ
764 2039 784 2128 ή
809 2045 873 2118 ΞΟ
901 2054 940 2130 πή
965 2049 1039 2110 ΗΚ
1061 2045 1144 2131 πρδς

126 2146 243 2239 ὀρθάς,
268 2149 380 2235 ἐπειδή
404 2148 459 2215 καὶ
482 2146 503 2235 ή
523 2155 589 2216 ΒΓ
606 2160 646 2238 τῇ
668 2156 734 2217 ΖΔ
758 2151 826 2217 ἐστι
845 2150 929 2235 πρὸς
949 2146 1065 2238 ὀρθάς,
1088 2157 1147 2218 καί

125 2258 216 2325 ἐστιν
235 2256 372 2343 ἑκατέρα
390 2255 609 2342 παράλληλος.
646 2256 702 2324 καὶ
721 2255 790 2324 ἐπεὶ
808 2256 846 2324 τὸ
868 2257 923 2323 διά
943 2267 1005 2324 τοῦ
1020 2253 1144 2338 άξονος

72 2386 107 2435 20
125 2367 283 2433 ἐπίπεδον
305 2376 378 2443 ταίς
400 2376 516 2449 τομαῖς
539 2364 721 2449 συμβάλλει
739 2363 822 2429 κατά
841 2364 882 2431 τά
903 2365 949 2448 M,
969 2370 1004 2429 N
1023 2378 1143 2451 σημεῖα

125 2473 220 2552 ἐντδς
238 2482 305 2539 τῶν
325 2480 499 2558 γραμμῶν,
518 2474 634 2557 δῆλον,
656 2467 700 2550 ὦς
718 2469 774 2538 καί
792 2470 853 2549 τάς
866 2469 1019 2557 γραμμάς
1032 2472 1144 2558 τέμνει

124 2581 162 2648 τὸ
178 2581 344 2647 ἐπίπεδον.
371 2580 514 2665 τεμνέτω
530 2577 611 2645 κατά
626 2578 666 2644 τά
682 2585 720 2663 Θ,
736 2584 777 2644 Ε·
811 2577 852 2644 τά
868 2577 934 2662 άρα
949 2583 998 2660 Μ,
1009 2562 1049 2662 Ε,
1060 2585 1098 2663 Θ,
1109 2585 1148 2646 Ν

126 2699 245 2772 σημεῖα
273 2691 310 2753 ἐν
337 2712 372 2754 τε
399 2697 444 2777 τῳ
474 2686 530 2753 διά
559 2694 620 2753 τοῦ
648 2682 770 2764 άξονός
797 2686 888 2752 ἐστιν
917 2685 1061 2774 ἐπιπέδῳ
1087 2685 1144 2753 καὶ

127 2792 163 2859 ἐν
190 2802 236 2878 τῷ
265 2793 423 2881 ἐπιπέδῳ,
452 2794 490 2860 ἐν
513 2783 540 2884 ᾦ
564 2796 650 2860 είσιν
673 2794 711 2858 αί
730 2795 893 2878 γραμμαί·
934 2788 1053 2857 εὐθεῖα
1077 2789 1143 2878 άρα

73 2923 107 2973 25
127 2897 217 2966 ἐστὶν
249 2895 270 2984 ή
300 2904 450 2966 ΜΕΘΝ
477 2897 621 2986 γραμμή.
670 2898 726 2966 καὶ
759 2896 924 2983 φανερόν,
958 2894 1009 2964 ὅτι
1041 2897 1081 2965 τά
1109 2926 1144 2968 τε

127 3006 169 3089 Ξ,
189 3011 232 3090 Θ,
252 3012 297 3089 A,
317 3009 349 3070 Γ
368 3000 418 3071 ἐπ’
440 3003 576 3086 εὐθείας
598 3004 667 3072 ἐστὶ
690 3005 745 3072 καὶ
768 3001 808 3072 τά
832 3011 875 3089 Β,
895 3011 939 3087 Ε,
960 3011 1001 3088 A,
1023 3011 1064 3070 0·
1107 3011 1144 3073 ἐν

126 3138 162 3179 τε
189 3112 254 3199 γάρ
281 3121 321 3199 τῇ
349 3122 474 3200 κωμικῇ
499 3114 676 3202 ἐπιφανείᾳ
699 3110 768 3178 ἐστὶ
792 3109 846 3177 καὶ
870 3112 907 3178 ἐν
930 3121 975 3201 τῷ
1001 3111 1058 3177 διά
1082 3122 1143 3180 τοῦ

128 3217 248 3299 άξονος
276 3218 427 3308 ἐπιπέδῳ.
468 3216 629 3304 ήχθωσαυ
654 3217 689 3284 δι’
719 3215 784 3286 άπδ
808 3217 870 3304 μέν
892 3227 961 3284 τῶν
984 3224 1027 3302 Θ,
1051 3224 1083 3283 Ε
1104 3230 1143 3308 πή

202 3421 227 3470 3.
241 3413 368 3486 ποιείτω]
379 3412 487 3483 scripsi,
501 3413 671 3466 ποιείτωσαν
681 3413 738 3482 Vp.
794 3419 819 3467 9.
836 3415 927 3483 ΖΕΔ,
941 3415 1030 3467 ΗΘΚ
1043 3413 1145 3485 Halley

131 3504 195 3542 cum
213 3484 375 3542 command.
448 3488 491 3539 20.
511 3479 674 3556 συμβάλλει]
695 3503 764 3554 ουμ-
782 3489 909 3540 contorte
928 3483 962 3552 V,
982 3487 1067 3555 ουμβ-
1085 3503 1145 3556 rep.

131 3577 188 3629 mg.
206 3577 243 3613 m.
261 3575 316 3613 rec.
