2438 3892
294 68 300 79 ’
406 80 622 159 corneorum
640 96 750 159 urana
766 108 803 162 11.
865 122 869 129 ·
1046 102 1113 175 205
1213 84 1217 91 ¹

79 254 166 317 ,ΑΒ
189 249 350 334 parallelo
372 252 424 314 eet
447 248 553 330 [Eucl.
575 248 631 333 VI,
654 252 698 342 2]τ
744 247 857 318 uerum
881 254 980 317 etium
1004 256 1064 320 ΓΖ
1088 256 1117 320 ei

95 356 258 442 parallela
282 359 347 440 est3
370 356 456 440 quod
479 354 656 421 absurdum
680 361 729 421 est
752 356 859 437 [Eucl.
881 357 906 443 I,
926 360 992 440 30].
1038 380 1116 444 ergo

96 466 189 529 recta
210 463 246 528 in
268 467 301 526 Α
324 462 517 553 contingens
541 466 647 528 rectae
671 465 737 527 ΓΔ
759 465 919 549 parallelo
943 471 1000 531 est.

481 615 485 623 ’
536 620 644 686 ·VII.

166 726 202 793 Si
229 731 319 794 recta
346 728 420 793 coni
444 729 622 794 sectionem
646 731 698 793 uel
723 730 1019 798 circuliambitum
1043 754 1144 798 con·-

95 834 215 921 tingit,
242 838 276 899 et
301 835 336 898 in
365 835 517 899 sectione·
536 838 626 899 recta
653 835 728 901 huic
753 838 912 921 parallela
935 838 1063 903 ducitur
1086 843 1119 903 et

95 942 143 1007 in.
171 940 253 1005 duae
289 944 400 1025 partes
438 941 589 1026 aequales
628 945 772 1027 secatur,
814 948 904 1010 recta
942 967 961 1009 a
997 950 1117 1030 puncto

498 1102 506 1115 ,
598 1052 769 1113 contactus
794 1050 835 1114 ad
859 1051 999 1116 medium
1018 1070 1117 1138 punc·

597 1157 668 1218 tum
703 1154 801 1220 ducta
838 1155 1015 1222 diametrus
1051 1179 1118 1223 sec-

498 1331 503 1337 ·
598 1260 698 1324 tionis
723 1262 793 1325 erit.

667 1365 710 1428 sit
721 1358 802 1431 ¹coni
821 1360 922 1432 sectio
938 1369 991 1432 uel
1009 1370 1125 1449 circuli¹

601 1471 742 1535 ambitus
774 1475 890 1558 ΑΒΓ,
927 1475 1119 1560 contingens

599 1580 708 1641 autem
738 1579 818 1662 ZH,
834 1584 884 1644 et
917 1584 1024 1644 rectae
1053 1584 1125 1646 ZH

599 1683 758 1767 parallela
776 1688 849 1771 ΑΓ,
874 1707 957 1770 quae
981 1686 1015 1751 in
1034 1692 1066 1751 E
1084 1688 1119 1752 in
1189 1674 1194 1683 ’

482 1782 485 1787 ’
600 1790 679 1870 duas
693 1795 803 1875 partes
819 1793 969 1877 aequales
982 1788 1118 1880 secetur,

97 1894 297 1981 duceturque
327 1899 413 1990 BE.⁴
446 1894 531 1975 dico,
555 1899 621 1960 ΒΕ
643 1896 847 1991 diametrum¹
861 1900 1014 1992 sectionis
1038 1922 1118 1967 esse.

138 1996 143 2005 ’
167 2023 209 2067 ne
228 2002 272 2067 sit
290 2001 386 2083 enim,
405 2000 470 2084 sed,
490 2003 519 2065 ei
537 2002 608 2066 fieri
627 2007 745 2086 potest,
768 2004 945 2072 diametrus
966 2006 1119 2072 sectionis
1149 1984 1157 1999 ’

99 2109 145 2175 eit
160 2112 231 2173 Be.
258 2109 369 2192 itaque
384 2113 416 2171 A
421 2100 450 2172 Θ
462 2138 502 2160 =
514 2111 580 2172 ΘΓ
594 2107 625 2190 [Ι
640 2110 711 2174 deff.
722 2133 768 2193 pr.
777 2112 828 2195 4];
843 2111 928 2196 quod
944 2113 1118 2187 absurdum
1209 2172 1216 2183 ,

89 2219 165 2305 ,θεὴ
196 2236 274 2280 nam
303 2217 425 2279 AE=
441 2217 520 2279 EF..
563 2236 642 2301 ergo
670 2220 733 2281 ΒΘ
760 2217 938 2295 diametrus
967 2220 1118 2284 sectionis

99 2344 170 2389 non
191 2322 263 2386 erit.
299 2320 366 2385 iarn
388 2320 499 2386 eodem
519 2321 615 2386 modo
635 2322 940 2416 demonstrabimus,
962 2345 1002 2388 ne
1021 2324 1120 2390 aliam

101 2426 233 2515 quidem
255 2427 355 2492 ullam
379 2427 571 2493 diametrum
596 2450 666 2503 esse
690 2426 820 2512 praeter
842 2433 915 2492 BE.

438 2640 442 2647 .
567 2587 658 2652 VIII.

168 2691 204 2759 Si
235 2698 333 2772 recta.
358 2716 431 2760 cum
463 2694 644 2778 hyperbole
673 2695 708 2759 in
736 2676 860 2759 duobus
888 2695 1017 2778 punctis
1045 2717 1148 2767 con·,

100 2800 225 2885 currit„
242 2800 277 2864 in
299 2802 471 2886 utramque
494 2805 619 2885 partem
643 2800 802 2884 producta
824 2823 897 2865 oum
921 2803 1118 2886 asymptotis

74 2910 285 2991 ¹concurret,
313 2909 346 2970 et
371 2910 478 2972 rectae
507 2929 545 2971 ex
574 2929 612 2972 ea
640 2907 680 2972 ad
708 2911 911 2992 asymptotas
935 2930 954 2973 a
977 2909 1120 2975 sectione

102 3014 249 3079 abscisae
273 3013 423 3098 aequales
448 2999 574 3078 erunt.¹

145 3119 551 3204 comperiremus,
580 3123 783 3204 asymptotae
811 3126 920 3199 autem
945 3127 1022 3207 EA,
1045 3127 1120 3207 AZ,

100 3230 231 3293 etcum
254 3228 359 3290 ΑΒΓ
378 3229 550 3291 concurrat
572 3231 661 3291 recta
685 3228 794 3312 aliqua
817 3231 890 3294 ΑΓ.
937 3230 1022 3313 dico,
1048 3251 1120 3294 eam
1188 3299 1191 3304 ,

100 3334 138 3399 in
162 3314 334 3417 utramque
362 3335 487 3417 partem
515 3334 706 3417 productam
732 3356 805 3399 cum
829 3336 1022 3421 asymptotis
1046 3356 1120 3398 con·

74 3459 242 3507 ‚currere
338 3476 342 3485 ·
