2438 3892
381 240 385 245 Ι
411 165 625 218 comcoaum
642 167 752 218 araca
770 169 805 221 11.
1047 169 1112 234 267

98 308 135 373 in
155 306 251 373 binas
279 306 561 394 partes'aequales
584 309 618 372 in
642 314 682 393 Z,
703 315 741 375 Θ.
787 315 820 375 et
842 312 940 377 ducta
965 317 1025 378 ΖΘ
1048 314 1113 378 dia-

99 416 225 480 metrus
250 413 402 479 sectionis
426 414 489 479 erit
517 414 548 495 [I
571 415 632 480 def.
654 417 699 498 4].
747 417 859 482 eodem
883 422 992 484 autem
1016 421 1113 486 modo

99 519 200 585 etiarn
223 520 475 586 innumerabiles
499 519 676 587 diametros
699 524 907 590 inueniemus.

558 698 657 766 XLV.

166 820 273 886 Datae
297 822 421 906 ellipsis
444 823 496 886 uel
519 823 718 908 hyperbolae
742 831 888 892 centrum
911 829 1063 893 inuenire.

166 927 229 992 hoc
253 932 362 993 autem
385 929 595 994 manifestum
620 935 678 996 est.
713 954 790 998 nam
815 934 841 999 si
864 935 946 1000 duae
965 934 1116 999 diametri

99 1671 256 1738 sectionis
283 1670 445 1737 ducuntur
467 1675 531 1736 AB
537 1722 546 1756 ‚
569 1673 636 1736 ΓΛ
661 1675 766 1758 [prop.
788 1672 908 1755 XLIV]
915 1724 923 1756 ,
951 1674 1008 1738 ubi
1031 1677 1117 1740 inter

98 1801 134 1846 se
167 1782 292 1858 secant,
325 1781 471 1842 centrum
503 1778 564 1843 erit
596 1780 763 1862 sectionis,
795 1784 832 1844 ut
863 1780 948 1846 infra
978 1782 1117 1867 descrip-

97 1889 252 1952 tumeat

549 1974 664 2040 XLVI.

167 2098 275 2164 Datae
299 2099 373 2164 coni
396 2099 549 2163 sectionis
573 2121 665 2163 axem
688 2101 844 2166 inuenire.

167 2206 211 2272 sit
239 2206 316 2270 data
344 2207 417 2270 coni
446 2206 546 2270 sectio
574 2206 665 2289 prius
692 2207 864 2291 parabola,
892 2209 927 2272 in
955 2232 1019 2293 qua
1042 2215 1118 2275 sunt

100 2316 142 2398 Z,
165 2315 207 2397 Γ,
230 2317 269 2377 Ε.
315 2315 445 2397 oportet
466 2311 569 2396 igitur
592 2335 686 2378 axem
709 2314 778 2378 eius
801 2313 957 2378 inuenire.

167 2417 305 2483 ducetur
320 2419 407 2483 enim
422 2418 598 2483 diametrus
614 2419 683 2483 eius
698 2423 764 2482 AB
775 2422 879 2503 [prop.
889 2418 1019 2500 XLIV]⁸
1052 2421 1117 2484 iam

98 2525 128 2591 si
154 2528 222 2589 AB
250 2524 321 2591 axis
349 2528 414 2606 est,
441 2524 564 2589 factum
593 2525 655 2589 erit
681 2525 901 2609 propositum3
929 2525 980 2589 sin
1003 2526 1119 2609 minus,

97 2631 223 2696 factum
246 2631 299 2716 sit,
322 2636 356 2697 et
379 2632 448 2697 axis
472 2632 516 2695 sit
534 2634 615 2715 ΓΔ;
636 2631 706 2694 axis
723 2631 825 2715 igitur
843 2633 910 2695 ΓΔ
928 2635 1035 2696 rectae
1054 2636 1118 2697 AB

98 2737 260 2824 parallelo
287 2742 338 2803 est
361 2737 400 2823 [I,
423 2738 464 2802 51
489 2737 615 2818 coroll]
640 2741 673 2801 et
695 2740 801 2802 rectas
825 2738 865 2802 ad
889 2759 960 2802 eam
984 2761 1120 2824 perpen-

100 2842 261 2909 diculares
275 2843 389 2909 ductas
403 2844 438 2909 in
452 2844 546 2909 binas
562 2848 670 2928 partes
686 2844 837 2929 aequales
853 2849 942 2910 secat
961 2845 992 2929 [I
1003 2846 1063 2912 def.
1077 2849 1120 2929 7].

98 2954 210 3016 rectae
243 2953 352 3016 autem
386 2950 427 3014 ad
454 2953 522 3016 ΓΔ
549 2951 831 3035 perpendiculares
860 2952 959 3018 etiam
987 2953 1028 3018 ad
1055 2957 1120 3018 AB

98 3057 384 3141 perpendiculares
413 3060 503 3141 sunt3
531 3079 631 3140 quare
659 3059 726 3122 ΓΔ
753 3060 858 3123 rectas
887 3059 928 3124 ad
956 3063 1021 3124 AB
1049 3083 1121 3144 per·

99 3163 324 3248 pendiculares
352 3164 388 3227 in
415 3163 509 3227 binas
537 3167 647 3247 partes
676 3164 827 3248 aequales
857 3170 954 3230 secat.
999 3168 1065 3232 iam
1093 3168 1121 3233 si

98 3268 200 3334 fixero
232 3273 296 3334 ΕΖ
328 3268 369 3334 ad
402 3272 467 3333 AB
499 3269 813 3354 perpendicularem,
848 3273 936 3355 posit
922 3274 1011 3338 tione
1044 3274 1121 3338 data

171 3444 290 3529 Figurae
309 3460 388 3530 prop
404 3442 504 3497 XLV'
496 3462 526 3497 m
540 3460 620 3513 prop
637 3444 724 3500 XLIV
742 3445 831 3501 habet
845 3445 911 3513 V3
903 3465 934 3500 m
952 3463 1031 3517 prop.
1047 3446 1121 3501 XLV

100 3536 161 3589 ms
182 3510 593 3587 &reconvenientem
615 3523 638 3569 1
