2438 3892
429 180 644 232 comcomm
662 180 771 230 menn
788 180 810 233 1.
1084 175 1125 239 37

108 326 259 399 [ΑΒΓ
276 353 317 376 =
340 329 361 398 L
386 322 499 396 ΜΕΞ.
554 322 664 407 itaque
698 321 798 388 sectio
832 344 849 386 e
882 322 1045 387 contrario
1078 325 1128 385 est

109 432 216 513 [prop.
230 429 289 515 Ἦ,
304 430 388 513 quod
403 433 516 494 eontra
530 429 743 513 hypothesim
758 432 817 494 est.
832 449 909 513 ergo
923 429 1009 492 linea
1023 431 1130 491 ΛΚΕ

109 536 248 600 circulus
273 559 337 601 non
361 540 419 602 est.

598 729 637 795 X.

177 869 211 936 si
234 873 267 937 in
291 874 435 939 sectione
459 873 532 937 coni
551 872 614 938 duo
634 877 755 957 puncta
775 878 956 957 sumuntur,
979 877 1067 939 reete
1087 874 1127 937 ad

105 983 228 1063 puncta
252 981 349 1045 dueta
368 982 456 1045 intre
475 981 649 1045 sectionem
670 980 765 1059 eadit,
788 979 822 1043 in
841 965 999 1045 directum
1018 984 1126 1044 autem

105 1085 265 1170 producta
289 1092 390 1151 extra.

176 1192 219 1253 sit
239 1211 348 1274 conus,
372 1191 462 1256 euius
481 1192 593 1256 uertex
612 1193 655 1256 sit
673 1198 705 1255 A
724 1197 887 1276 punctum,
908 1193 997 1258 basis
1018 1198 1125 1258 autem

108 1296 250 1360 circulus
274 1299 344 1382 ΒΓ,
368 1300 401 1360 et
422 1319 481 1380 per
505 1319 597 1362 exem
621 1298 718 1381 plano
743 1302 877 1383 secetur,
901 1300 986 1384 quod
1010 1301 1125 1364 sectio-

428 1424 502 1467 nem
532 1403 654 1468 effieiat
676 1406 780 1468 ΑΒΓ
801 1405 1013 1488 triangulum.
1059 1407 1125 1470 iam

428 1510 493 1573 elio
518 1531 646 1594 quoque
673 1511 771 1594 plano
799 1515 924 1574 secetur
932 1561 941 1595 ‚
974 1511 1059 1596 quod
1092 1514 1125 1575 in

428 1616 598 1700 superficie
627 1618 699 1681 coni
734 1616 909 1682 sectionem
944 1615 1065 1681 effieiet
1089 1617 1125 1681 li-

426 1743 522 1786 neam
541 1726 657 1806 AEZ,
684 1727 717 1787 et
738 1723 773 1787 in
798 1727 897 1787 ΔΕΖ
922 1723 984 1789 duo
1004 1728 1125 1808 puncta

162 1773 300 2011 ΔΚ
427 1833 598 1894 sumantur
625 1834 673 1915 H,
700 1833 736 1894 Θ.
797 1829 886 1916 dieo,
924 1835 1045 1895 rectam
1083 1831 1123 1894 ad

157 1924 361 2052 'Am
425 1941 475 2017 H,
506 1940 535 2000 Θ
573 1935 701 2001 ductam
739 1937 827 2001 intra
862 1938 981 2001 lineam
1013 1941 1088 2000 ΔΕ
1096 1941 1123 1999 Ζ

157 2053 361 2133 Ὶ,
427 2042 549 2121 cadere,
573 2043 607 2105 in
626 2042 783 2108 directum
803 2047 912 2108 autem
931 2043 1123 2126 productam

221 2151 246 2196 Ζ
427 2153 526 2214 extra.

174 2274 252 2316 nam
275 2254 427 2337 quoniam
452 2275 560 2338 conus,
584 2254 673 2320 euius
696 2260 809 2320 uertex
832 2259 883 2320 est
901 2262 933 2319 A
955 2258 1122 2340 punctum,

102 2360 193 2424 basis
218 2363 326 2424 autem
351 2361 489 2425 circulus
513 2364 589 2445 ΒΓ,
611 2362 710 2446 plano
735 2384 793 2446 per
816 2384 907 2427 axem
933 2365 1038 2426 sectus
1063 2365 1121 2442 est,

100 2470 137 2530 et
155 2466 189 2529 in
208 2466 376 2550 superficie
395 2467 462 2530 eins
482 2472 612 2552 sumpta
631 2472 707 2533 sunt
720 2473 841 2553 puncta
855 2467 1013 2551 quaedam
1027 2469 1071 2549 H,
1085 2470 1123 2550 Θ,

101 2592 187 2656 quae
212 2572 246 2635 in
269 2572 369 2636 latere
392 2573 547 2658 trianguli
570 2597 629 2658 per
653 2596 745 2639 axem
769 2575 868 2657 positi
891 2594 957 2638 non
981 2574 1066 2654 eunt,
1090 2576 1122 2636 et

99 2681 192 2742 reeta
216 2678 256 2741 ab
275 2682 315 2741 H
329 2678 370 2743 ad
388 2683 417 2744 Θ
436 2680 533 2744 dueta
552 2678 592 2743 ad
613 2686 644 2743 A
662 2701 728 2744 non
747 2679 842 2763 eadit,
865 2684 953 2744 reeta
973 2678 1013 2742 ad
1031 2682 1122 2760 Η,Θ

100 2783 200 2848 ducta
222 2785 312 2848 intra
335 2806 451 2850 conum
476 2784 577 2869 cadet,
600 2786 635 2850 in
659 2786 816 2850 directum
837 2788 945 2850 antem
964 2785 1121 2869 producte

99 2894 195 2954 extra
222 2894 326 2975 [prop.
349 2890 406 2971 II].
453 2912 531 2976 ergo
561 2892 660 2956 etiam
688 2892 776 2956 intre
804 2892 981 2956 sectionem
1011 2897 1120 2974 AZE,

99 2995 260 3080 producta
283 3001 392 3061 eutem
416 3001 508 3063 extra
531 3019 612 3064 eam.

582 3263 639 3328 XI.

170 3401 204 3467 si
232 3423 332 3467 conus
360 3424 419 3486 per
447 3426 538 3469 exem
566 3409 662 3490 plano
692 3413 819 3474 secatur
848 3413 881 3473 et
904 3409 969 3475 alio
992 3430 1119 3494 quoque

96 3511 200 3596 plano
229 3511 370 3594 secatur,
399 3510 485 3593 quod
510 3511 614 3577 basim
637 3515 710 3579 coni
735 3515 909 3580 secundum
933 3521 1054 3581 rectam
1078 3516 1119 3579 ed
