2438 3892
454 188 669 245 PRAEFATIO.
1045 190 1072 244 V

100 357 121 398 v
148 371 185 380 -
211 333 279 400 eod.
299 333 404 399 Vatic.
429 332 483 398 Gr.
507 334 581 418 203,
604 335 754 418 bombyc.
779 356 862 402 saec.
886 333 977 418 XIII,
1000 334 1071 418 fol,

167 440 251 505 inter
280 441 344 505 alia
368 439 491 506 (lonica
515 441 659 505 continet
682 440 738 505 fol.
762 440 895 506 56-84
919 462 935 504 e
962 439 995 506 V
1019 441 1071 505 de·

167 547 297 631 scripta.
344 569 417 612 cum
445 568 461 610 e
485 545 516 610 V
545 546 725 630 descriptus
755 547 811 631 sit,
841 550 1013 632 antequam
1041 546 1070 610 is

166 657 312 736 tempore
342 657 374 717 et
400 653 465 717 situ
487 653 574 717 male
596 652 728 719 habitus
753 657 814 736 est,
843 653 933 717 utilis
958 652 1071 717 estad

166 780 221 824 eos
248 758 336 824 locos
361 758 571 842 supplendos,
600 758 655 843 qui
681 759 717 822 in
739 757 771 823 V
795 762 995 823 euanuerunt
1018 759 1070 823 uel

165 864 301 929 correcti
328 868 418 949 sunt,
448 865 546 929 etiam
573 866 709 950 figurae,
737 887 819 949 quae
847 865 1008 929 interdum
1035 866 1070 928 in

165 970 197 1036 V
240 993 313 1036 cum
349 971 551 1055 marginibus
588 972 735 1036 sublatae
772 972 824 1036 uel
862 971 1069 1036 detruncatae

167 1081 260 1160 sunt,
301 1099 395 1161 saepe
433 1100 449 1142 e
486 1100 506 1141 v
542 1079 669 1143 rest'tui
703 1080 889 1162 potuerunt.
943 1078 1071 1161 inspexi

167 1183 311 1248 codicem
328 1183 451 1248 Romae
476 1184 560 1249 1887
582 1187 614 1248 et
633 1184 771 1267 enotani,
795 1205 878 1268 quae
898 1205 978 1268 opus
998 1205 1069 1248 esse

163 1289 364 1354 uidebantur.

95 1418 114 1460 c
138 1432 180 1442 -—
200 1396 267 1460 cod.
288 1392 672 1493 Constantinopolitanae
691 1396 809 1479 palatii
824 1395 942 1460 ueteris
962 1418 1010 1460 nr.
1025 1396 1069 1461 40

164 1502 314 1586 bombyc.
343 1524 424 1568 saec.
452 1500 670 1585 XIII-XIV,
697 1501 767 1584 fol,
795 1502 858 1567 situ
883 1506 916 1567 et
938 1502 1070 1567 madore
1171 1526 1178 1543 r

165 1630 268 1692 paene
291 1608 528 1692 pessumdatus,
552 1613 693 1673 ceterum
716 1608 835 1673 codicis
853 1607 885 1673 V
904 1608 1070 1693 gemellus¹

164 1714 206 1798 is,
239 1737 311 1779 oum
344 1737 363 1779 a
391 1715 442 1781 Fr.
472 1714 599 1780 Blassio
627 1719 811 1800 protractus
840 1719 927 1779 esset
954 1718 986 1778 et
1016 1714 1069 1779 de·

166 1821 305 1904 scriptus
326 1819 477 1908 (Hermes
496 1820 610 1886 XXIII
628 1845 659 1906 p.
677 1823 741 1886 622
761 1818 835 1908 sq.),
852 1820 1069 1885 intercedente

165 1925 347 1992 Ministerio
370 1931 493 2010 nostro,
518 1927 603 2012 quod
622 1948 674 1992 res
692 1929 899 2012 rationesque
919 1929 1068 1992 externas

165 2031 362 2116 moderatur,
391 2032 555 2098 Hauniarn
582 2033 700 2098 missus
728 2036 779 2098 est
806 2036 838 2097 et
860 2036 951 2097 totus
976 2055 995 2097 a
1018 2055 1070 2098 me

166 2137 304 2202 collatus
330 2139 429 2224 1889,
453 2139 509 2204 sed
532 2161 604 2204 curn
628 2139 818 2222 plerumque
842 2161 916 2204 oum
939 2138 970 2205 V
995 2160 1069 2204 con-

166 2245 296 2329 sentiat,
315 2246 509 2329 scripturam
528 2247 658 2329 plenam
677 2247 711 2309 in
730 2246 886 2330 adparatu
901 2268 967 2311 non
987 2246 1070 2330 dedi,

160 2349 222 2429 ,sed
259 2372 296 2415 ea
333 2355 478 2436 tantum,
516 2374 598 2435 quae
634 2351 769 2416 meliora
805 2352 955 2435 praebet,
992 2374 1069 2417 sane

163 2457 376 2541 paucissima,
410 2458 570 2541 reliquam
607 2456 785 2541 scripturae
818 2457 1069 2541 discrepantiam

165 2562 200 2626 in
226 2564 468 2649 prolegomenis
497 2563 617 2628 criticis
645 2565 776 2629 notabo.
823 2561 946 2628 Oonica
969 2564 1069 2629 habet

165 2667 221 2733 fol.
245 2670 432 2737 349-516.

96 2797 117 2858 p
144 2811 186 2820 —
210 2776 278 2842 cod.
302 2776 401 2841 Paris.
427 2774 482 2841 Gr.
507 2776 594 2841 2342
623 2775 763 2841 chartac.
792 2797 873 2841 saec.
899 2775 988 2861 XIII,
1011 2777 1069 2843 fol.

163 2884 271 2946 totum
290 2883 414 2948 contuli
428 2881 578 2947 Hauniae
600 2882 694 2965 1888,
713 2881 770 2947 sed
788 2904 859 2947 cum
881 2883 921 2947 ab
935 2883 1067 2949 homine

165 2989 322 3054 sermonis
338 2988 642 3054 mathematicorum
658 2987 854 3054 Graecorum
868 2989 1066 3074 peritissimo

165 3094 369 3178 impudenter
397 3096 612 3180 interpolatus
642 3095 697 3178 sit,
729 3096 763 3159 in
792 3095 985 3178 adparatum
1013 3117 1067 3161 eas
1128 3124 1131 3128 “

165 3204 295 3266 tantum
309 3203 486 3287 scripturas
501 3201 619 3285 recepi,
634 3224 716 3286 quae
731 3202 771 3266 ad
787 3202 887 3266 uerba
901 3200 1068 3286 Apollonii

167 3306 1066 3393 emendandafaoerent3reliquasprolegomenisseruaui.

167 3436 248 3499 quae
271 3415 407 3480 meliora
429 3414 539 3498 habet,
563 3415 632 3478 sine
656 3414 754 3478 dubio
773 3413 925 3498 pleraque
946 3414 1067 3479 coniec-

165 3523 239 3586 tura
260 3521 394 3586 inuenta
418 3524 501 3586 sunt.
