2438 3892
152 144 195 209 80
545 145 713 200 ΚΩΝΙΚΩΝ
732 141 773 202 α’.

152 286 337 376 ἐπεζεύχθω
356 286 377 374 ἡ
394 295 427 356 A
433 295 473 356 Z·
501 287 522 374 ἡ
538 296 572 355 Δ
577 295 604 355 Ζ
623 288 688 374 ἄρα
707 287 930 374 ἐκβαλλομένη
951 303 1163 375 συμπεσεῖται

150 398 190 484 τῇ
215 396 379 488 διαμέτρῳ
402 399 461 483 τῆς
483 406 594 485 τομῆς.
636 394 844 481 συμπιπτέτω
868 392 1012 464 κατὰτὸ
1035 402 1081 462 Α·
1110 401 1167 463 καί

152 502 221 569 ἐστι
244 501 366 589 μεταξὺ
388 513 448 589 τῆς
469 529 505 570 τε
527 512 630 590 τομῆς
652 502 708 569 καὶ
730 511 790 587 τῆς
809 508 913 569 ΖΔΑ
931 501 951 588 ἡ
966 507 1073 569 ΓΔΕ.
1109 502 1163 569 καὶ

150 605 170 695 ἡ
200 614 299 677 ΓΑΕ
328 607 393 694 α’ρα
424 609 647 695 ἐκβαλλομένη
681 622 895 696 συμπεσεῖται
925 612 966 697 τῇ
980 611 984 618 ’
999 609 1163 700 διαμέτρῳ

114 714 243 796 σέκτὸς
265 719 324 803 τῆς
345 719 457 803 τομῆς.

629 865 687 908 κε.

214 961 294 1032 Ἐδιν
317 966 460 1043 ἐλλείψει
483 961 600 1032 εὐθεῖα
619 970 853 1050 συμπίπτουσα
872 962 992 1051 μεταξὺ
1011 969 1080 1032 τῶν
1101 964 1162 1033 δύο

150 1072 337 1158 διαμέτρων
367 1071 590 1157 ἐκβαλλομένη
619 1067 671 1157 ἐφ’
698 1069 835 1159 ἑκάτερα
863 1069 954 1151 ἐκτὸς
980 1077 1083 1160 πέπτη
1106 1076 1163 1158 τῆς

148 1181 262 1264 τομῆς,
286 1189 499 1264 συμπεσεῖται
523 1178 661 1268 ἑκατέρη
683 1181 751 1247 τῶν
775 1178 970 1266 διαμέτρων.

97 1308 130 1356 10
216 1288 299 1352 ἔστω
319 1276 474 1372 ἔλλειψις,
497 1275 537 1371 ἧς
555 1283 727 1371 διάμετροι
746 1287 784 1351 αλ
799 1293 831 1351 Α
837 1291 876 1370 Β,
891 1290 963 1370 ΓΛ,
987 1285 1043 1352 καὶ
1059 1283 1161 1373 ταύτῃ

150 1392 361 1478 συμπιπτέτω
384 1418 434 1472 τις
462 1389 580 1461 εὐθεῖα
603 1388 725 1478 μεταξὺ
752 1394 820 1459 τῶν
844 1390 907 1460 δύο
932 1392 1121 1478 διαμέτρων
1143 1389 1162 1478 ἡ

148 1506 212 1567 EZ
238 1497 321 1567 κατὰ
354 1496 392 1567 τὸ
421 1505 457 1567 Η
486 1498 542 1566 καὶ
571 1497 796 1585 ἐκβαλλομένη
825 1493 878 1585 ἐφ’
906 1497 1043 1583 ἑκάτερα
1072 1496 1163 1578 ἐκτὸς

148 1607 289 1674 πιπτέτω
303 1610 362 1691 τῆς
375 1609 485 1693 τομῆς·
513 1607 609 1691 λέγω,
624 1603 675 1674 ὅτι
689 1605 710 1693 ἡ
724 1611 783 1673 ΕΖ
797 1617 1011 1691 συμπεσεῖται
1026 1604 1163 1694 ἑκατέρη

147 1717 215 1781 τῶν
238 1719 315 1798 ΑΒ,
334 1717 406 1781 ΓΔ.

95 1841 129 1890 15
214 1817 437 1904 κατήχδωσαν
451 1814 516 1885 ἀπὸ
530 1822 591 1886 τοῦ
601 1825 640 1885 Η
655 1818 708 1886 ἐπὶ
720 1817 779 1898 τὰς
793 1819 826 1885 Α
831 1825 870 1905 Β,
880 1824 943 1887 ΓΔ
956 1819 1163 1905 τεταγμένως

147 1927 184 1991 αἱ
205 1931 284 2008 ΗΘ,
307 1930 387 1992 HK.
434 1923 503 1992 ἐπεὶ
531 1923 741 2013 παράλληλός
765 1926 855 1991 ἐστιν
878 1923 899 2010 ἡ
923 1929 999 1991 ΗΚ
1019 1928 1060 2013 τῇ
1084 1931 1161 2012 ΑΒ,

58 2097 62 2105 ,
149 2032 363 2118 συμπέπτωκε
392 2031 433 2099 δέ
457 2058 506 2111 τις
532 2036 572 2121 τῇ
595 2039 669 2100 ΗΚ
695 2030 716 2118 ἡ
740 2039 823 2118 ΗΖ,
855 2032 911 2098 καὶ
937 2035 976 2120 τη
1001 2038 1066 2098 ΑΒ
1094 2031 1162 2118 ἄρα

147 2151 368 2223 συμπεσεῖται.
401 2138 526 2225 ὁμοίως
545 2137 586 2225 δὴ
604 2139 661 2206 καὶ
678 2148 718 2227 τῇ
733 2143 796 2206 ΓΔ
818 2150 1032 2225 συμπεσεῖται
1051 2138 1072 2226 ἡ
1089 2145 1160 2209 ΕΖ.

620 2333 692 2406 κς’.’

92 2480 127 2530 20
210 2456 335 2528 Ἐδινέ
337 2487 356 2528 ν
382 2453 601 2548 παραβολη”
581 2487 601 2547 η
625 2457 793 2549 ὑπερβολη
817 2457 932 2527 εὐθεῖα
955 2456 1046 2547 αχδῇ
1069 2460 1159 2545 παρὰ

145 2568 208 2653 τὴν
236 2568 415 2657 διαμετρον
441 2593 500 2653 της
526 2592 644 2664 τομης,
672 2580 884 2653 συμπεσεῖται
908 2569 954 2653 τῇ
969 2592 1055 2654 τομη
1077 2564 1161 2635 καθ’·

146 2676 182 2740 ἓν
206 2674 314 2759 μόνον
337 2688 483 2762 σημεῖον.

213 2784 296 2848 ἔστω
323 2782 489 2910 πρότερον
516 2771 755 2868 παραβολη,
733 2807 773 2866 ης
801 2777 1016 2869 διαμετρος“
1000 2808 1020 2866 η
1044 2786 1159 2866 ΑΒΓ,

146 2883 249 2970 ὀρθία
282 2884 368 2954 δὲ’
351 2914 371 2972 η
400 2896 485 2973 ΑΔ,
518 2888 574 2955 καὶ
604 2891 644 2975 τῇ
673 2894 736 2955 ΑΒ
769 2886 979 2974 παράλληλος
1010 2885 1107 2974 ἤχθω
1139 2884 1159 2974 ἡ

91 3011 125 3060 25
145 2996 219 3058 El:
265 2993 366 3079 λέγω,
399 2992 450 3062 ὅτι
479 2992 499 3081 ἡ
528 3001 589 3062 ΕΖ
622 2995 846 3081 ἐκβαλλομένη
877 3006 1090 3081 συμπεσεῖται
1119 2999 1158 3084 τῇ

145 3122 238 3186 τομη.

145 3226 359 3237 ——

216 3298 241 3347 λ.
260 3291 355 3366 τῆς]ἐ
357 3292 423 3359 κτὰς
441 3301 490 3365 τῆς
507 3295 618 3365 Halley.
710 3302 733 3351 5.
758 3297 819 3367 της]
844 3312 898 3353 om
917 3296 947 3351 in
966 3298 1034 3352 extr.
1055 3297 1103 3353 lin.
1124 3297 1156 3366 V,

144 3379 214 3490 δδέδ.
234 3374 402 3494 έέΘΚΗ
419 3367 583 3494 έδδμλὸ.
554 3385 608 3422 om
602 3367 753 3511 7‘1]Vp,mom2.
771 3339 1157 3512 Η.1916κςῆ1ξ)]δΡΗ)ῨρΞ

144 3507 973 3584 m.2v.20.3v]ad‹11‹110m.v.23.n]p,0m
993 3510 1026 3567 V.
