2438 3892
164 132 233 196 430
566 125 791 199 ΚΩΝΙΚΩΝνῖ

165 271 251 362 πρὸς
265 279 341 341 ΕΓ·
367 269 447 356 ὅπερ
468 269 604 338 ἄτοπον.
642 267 705 337 ούκ
722 266 789 357 ἄρα
810 266 908 357 ἡΘΛ
928 232 1075 349 κάθετός
1090 270 1175 356 ἐστιν,

168 376 250 448 οὐδὲ
273 376 357 465 ἄλλη
380 405 431 458 τις
452 376 540 464 πλην
562 380 622 462 της
644 382 717 444 ΘΕ.

648 614 715 673 μη·

240 720 317 782 Τῶν
340 713 453 781 αὐτῶν
477 712 588 779 ὄντων
612 711 773 797 δεικτέον,
796 708 847 779 ὅτι
863 707 910 779 ἀἱ
929 708 997 780 ἀπὸ
1020 715 1078 798 τῆς
1098 709 1174 798 ἁφῆς

135 843 151 892 5
171 821 224 888 ἐπὶ
242 818 283 888 τὰ
303 821 416 904 ἕκτης
433 823 626 905 παραβολῆς
643 815 806 904 γινόμενα
821 832 942 904 σημεῖα
962 826 1038 898 ίσας
1055 828 1174 886 ποιοῦσι

168 931 295 1014 γωνίας
316 921 400 1011 πρὸς
421 927 462 1011 τῇ
487 925 711 1011 ἐφαπτομένη.

235 1028 428 1097 ὑποκείσθω
465 1027 531 1115 γὰρ
567 1027 608 1098 τὰ
641 1027 740 1114 αὐτοὶ,
777 1028 834 1095 καλ
868 1027 1119 1116 ἐπεζεύχθωσαν
1146 1032 1175 1095 αἱ

169 1144 248 1223 ΕΖ,
271 1142 349 1203 ΕΗ
399 1137 500 1221 λέγω,
529 1133 581 1203 ὅτι
609 1143 665 1223 ίση
694 1135 785 1203 ἐστὶν
813 1131 834 1220 ἡ
862 1131 928 1201 ύπὸ
957 1121 1054 1202 ΓΕΖ
1080 1141 1173 1224 γωνία

168 1247 208 1332 τῇ
231 1240 297 1311 ὑπὸ
321 1249 437 1310 ΗΕΑ.

119 1371 150 1421 10
237 1350 307 1417 ἐπεὶ
325 1350 390 1436 γὰρ
415 1346 521 1435 ὀρθαί
538 1352 623 1416 είσιν
648 1350 685 1414 αί
705 1344 771 1414 ὑπὸ
796 1353 913 1436 ΑΗΘ,
931 1355 1034 1417 ΑΕΘ
1057 1353 1175 1434 γωνίαι,

170 1452 187 1522 ὁ
217 1456 293 1543 περὶ
321 1454 502 1542 διάμετρον
533 1458 596 1540 τὴν
625 1461 692 1521 ΑΘ
723 1452 936 1540 γραφόμενος
969 1453 1091 1534 κύκλος
1115 1455 1176 1540 ἥξει

170 1563 227 1628 διὰ
250 1564 319 1630 τῶν
339 1568 379 1647 Ε,
398 1567 438 1626 Η
458 1565 619 1648 σημείων·
650 1560 733 1628 ὥστε
757 1567 813 1646 ἴση
837 1563 929 1627 ἔσται
952 1557 974 1647 ἡ
996 1557 1063 1629 ὑπὸ
1081 1565 1180 1627 ΑΘΗ

168 1670 209 1754 τῇ
232 1664 298 1735 ὑπὸ
323 1674 443 1735 ΑΕΗ·
473 1669 510 1735 ἐν
532 1665 667 1758 γὰρτῷ
692 1664 781 1758 αὐτῷ
804 1664 958 1753 τμήματι.
1000 1664 1120 1754 ὁμοίως
1141 1669 1176 1752 δὴ

169 1774 224 1840 καὶ
248 1770 268 1860 ἡ
292 1771 359 1841 ὑπὸ
382 1780 479 1841 ΓΕΖ
506 1777 546 1862 τῇ
570 1769 636 1841 ὑπὸ
661 1778 755 1840 ΓΘΖ
784 1774 875 1840 ἐστιν
903 1779 971 1858 ίση.
1017 1771 1100 1860 ἡδὲ
1120 1770 1177 1840 ὑπὸ

117 1904 149 1952 15
169 1885 265 1945 ΓΘΖ
292 1883 332 1966 τῇ
356 1876 422 1946 ὑπὸ
447 1884 558 1946 ΑΘΗ
583 1878 652 1966 ίση·
688 1877 770 1946 κατὰ
793 1881 949 1966 κορυφὴν
971 1877 1053 1968 γάρ·
1088 1876 1178 1965 καὶὴ

170 1981 236 2051 ὑπὸ
259 1990 356 2051 ΓΕΖ
379 1982 445 2071 ἄρα
470 1989 508 2072 τῇ
532 1982 598 2052 ὑπὸ
622 1991 734 2052 ΑΕΗ
753 1985 844 2052 ἐστιν
867 1993 932 2071 ίση.
1022 2059 1025 2065 ,

641 2195 714 2281 μέλ’.

240 2327 316 2388 Τῶν
344 2318 456 2388 αὐτῶν
486 2321 596 2387 ὄντων
630 2323 691 2387 ἐὰν
723 2317 788 2388 ἆπό
815 2347 907 2399 τινος
938 2325 1007 2387 τῶν
1041 2328 1178 2409 σημείων

168 2427 311 2508 κάθετος
335 2425 426 2516 ἄχθη
451 2427 504 2494 ἐπὶ
522 2425 584 2512 τὴν
604 2428 849 2514 ἐφαπτομένην,
874 2430 912 2494 αί
928 2423 992 2494 ἀπὸ
1013 2440 1074 2496 τοῦ
1093 2455 1178 2515 γενο-

113 2560 148 2608 20
169 2538 274 2622 μένον
292 2541 433 2622 σημείου
454 2534 507 2602 ἐπὶ
521 2535 560 2601 τὰ
577 2535 700 2622 πέρατα
714 2537 776 2600 τοῦ
790 2533 911 2614 ἄξονος
924 2531 1039 2621 ὀρθήν
1053 2538 1178 2603 ποιοῦσι

166 2649 305 2725 γωνίαν.

233 2755 427 2817 νποκείσθω
451 2751 515 2836 γὰρ
540 2747 580 2814 τὰ
604 2745 704 2833 αὐτοί,
732 2747 787 2813 καὶ
810 2744 875 2814 ἀπὸ
899 2751 961 2814 τοῦ
985 2754 1025 2814 Η
1048 2749 1100 2815 ἐπὶ
1123 2745 1176 2832 την

167 2858 228 2917 ΓΑ
242 2852 385 2933 κάθετος
399 2857 496 2941 ἤχθω
511 2851 531 2939 ἡ
546 2859 624 2939 ΗΘ,
639 2855 694 2920 καὶ
710 2852 962 2939 ἐπεζεύχθωσαν
979 2858 1017 2920 αἱ
1029 2860 1141 2939 ΑΘ,Β
1147 2859 1176 2917 Θ.

164 2955 261 3040 λέγω,
286 2957 338 3024 ὅτι
362 2957 382 3045 ἡ
407 2957 472 3027 ύπὸ
496 2967 595 3026 ΑΘΒ
619 2966 725 3046 γωνία
750 2959 839 3045 ὀρθή
864 2962 964 3027 ἐστιν.

110 3087 144 3136 25
232 3061 302 3128 ἐπεὶ
325 3063 389 3150 γὰρ
415 3066 504 3151 ὀρθὴ
528 3063 548 3152 ἡ
572 3063 637 3132 ὑπὸ
663 3073 773 3133 ΑΒΗ
797 3067 852 3133 καὶ
880 3063 900 3151 ἡ
923 3064 989 3132 ὑπὸ
1013 3072 1136 3149 ΑΘΗ,
1161 3059 1175 3128 ὃ

166 3167 241 3252 περὶ
266 3169 447 3255 διάμετρον
471 3170 533 3256 τὴν
555 3177 633 3238 ΑΗ
651 3171 866 3261 γραφόμενος
887 3171 1009 3249 κύκλος
1032 3172 1104 3256 ἥξει
1128 3165 1175 3236 διὰ

236 3406 261 3455 4.
281 3395 328 3470 αλ]
348 3415 401 3453 οω.
418 3399 456 3465 V;
477 3418 547 3456 corr.
564 3421 592 3471 p.
648 3408 688 3456 19.
709 3400 880 3476 γενομένω]
900 3397 1050 3471 γινομένου
1070 3399 1174 3468 Halley.

201 3478 243 3526 ⁸24.
263 3471 360 3542 ΑΘΒ]
380 3473 462 3525 ΑΒΘ
480 3471 517 3540 V;
539 3490 607 3528 corr.
628 3490 654 3540 p.
