2438 3892
119 147 185 211 356
519 141 685 246 mm
704 136 743 209 ι’.
923 143 927 150 ·

119 293 185 354 ΒΓ
213 283 298 373 πρὸς
327 284 365 353 τὸ
396 290 493 352 ΒΓΑ
522 287 702 370 τρίγωνον·
751 274 816 348 καὶΙ
837 276 883 359 ὡς
911 278 979 367 ἀρα
1005 279 1043 348 τὸ
1069 278 1124 348 ὑπὸ

121 402 221 461 ΖΕΑ
248 390 333 478 πρὸς
360 389 397 459 τὸ
420 396 491 457 ΔΛ
516 388 779 474 τετράπλευρον,
806 384 845 453 τὸ
874 383 942 454 ἀπὸ
968 392 1036 454 ΒΓ
1056 386 1127 472 πρὸς

112 498 157 568 ,τὸ
187 505 286 566 ΒΓΑ
320 502 498 586 τρίγωνον.
549 504 625 562 ἴσον
660 493 698 562 δὲ
730 492 768 560 τὸ
799 499 869 559 ΔΛ
896 492 1128 578 τετράπλευρον

120 610 165 698 τῷ
190 595 303 672 ΑΕΗ
324 603 495 693 τριγώνῳ,
523 599 562 668 τὸ
591 600 629 669 δὲ
652 605 755 667 ΒΑΓ
776 609 821 690 τῷ
845 605 963 667 ΑΓΘ·
1009 597 1053 679 ὡς
1073 597 1128 686 ἀρα

85 710 158 783 οτὸ
188 708 253 777 ὑπὸ
284 715 386 775 ΖΕΔ
414 706 497 796 πρὸς
524 705 561 774 τὸ
591 713 712 791 ΑΕΗ,
739 704 777 772 τὸ
806 703 872 772 ἀπὸ
901 711 971 772 ΒΓ
992 703 1073 792 πρὸς
1095 703 1127 773 τὸ

121 823 234 885 ΑΓΘ.
290 819 359 882 ἔστι
388 814 426 881 δέ
448 814 508 880 ’καὶ
536 809 582 891 ὡς
603 810 642 880 τὸ
665 817 777 878 ΑΕΗ
800 811 885 901 πρὸς
906 808 947 879 τό
971 808 1035 879 ἀπὸ
1058 818 1126 894 ΕΑ,

122 919 229 1000 οὕτως
251 919 289 988 τὸ
309 925 409 986 ΑΓΘ
426 916 510 1005 πρὸς
527 917 564 985 τὸ
587 915 653 985 ἀπὸ
674 923 751 984 ΑΓ
789 914 835 983 δι’
857 925 936 983 ἴσον
955 914 1021 1002 ἀρα
1038 919 1125 1000 ἐστίν,

122 1024 167 1105 ὡς
189 1025 227 1093 τὸ
253 1022 317 1092 ἀπὸ
343 1029 408 1090 ΒΓ
425 1021 508 1109 πρὸς
530 1024 567 1091 τὸ
592 1021 657 1089 ἀπὸ
677 1027 757 1107 ΓΑ,
781 1019 819 1089 τὸ
843 1018 910 1089 ὑπὸ
931 1029 1033 1089 ΖΕΔ
1053 1023 1123 1107 πρὸς

122 1129 159 1198 τὸ
184 1129 249 1199 ἀπὸ
274 1138 347 1197 ΕΑ.

72 1261 104 1308 10
599 1216 662 1283 ιθ’.

186 1339 266 1408 Ἐὰν
293 1343 361 1407 τῶν
391 1337 629 1425 ἀντικειμένων
659 1338 720 1406 δύο
750 1336 882 1406 εὐθεῖαι
911 1339 1123 1426 ἐφαπτόμεναι

125 1453 372 1533 σομπίπτωσιν,
411 1444 543 1532 ἀχθῶσι
580 1445 617 1513 δὲ
650 1443 861 1532 τιαράλληλοι
892 1458 966 1524 ταῖς
998 1447 1121 1531 ἐφαιιιο·
1164 1480 1170 1488 -

124 1554 240 1639 μέναις
269 1551 415 1639 ἀλλήλας
441 1553 622 1638 τέμνουσαι
646 1551 702 1618 καὶ
725 1555 786 1636 τὴν
809 1552 931 1637 τομήν,
959 1556 1064 1638 ἔσται,
1088 1547 1121 1627 ἀς

122 1659 163 1727 τὰ
177 1657 242 1726 ἀπὸ
256 1662 325 1726 τῶν
336 1659 576 1745 έφαιιτομένων
585 1655 779 1744 τετράγωνα
787 1656 870 1745 πρὸς
879 1654 1018 1743 ἀλληλα,
1033 1654 1121 1733 οὕτως

71 1787 104 1836 15
122 1763 160 1832 τὸ
190 1763 427 1851 περιεχόμενον
455 1761 520 1832 ὑπὸ
547 1766 616 1831 τῶν
644 1761 767 1851 μεταξὺ
796 1766 855 1848 τῆς
876 1767 982 1850 τομῆς
1003 1764 1121 1846 καὶτῆς

123 1869 346 1955 σομιιτωσεως
373 1874 442 1938 τῶν
469 1865 614 1936 εὐθειῶν
645 1867 729 1958 πρὸς
750 1869 789 1936 τὸ
812 1868 1049 1956 περιεχόμενον
1070 1862 1120 1936 ὑπὸ

122 1979 190 2042 τῶν
215 1971 338 2059 ὁμοίως
361 1976 625 2060 λαμβανομένων
650 1973 805 2043 εὐθειῶν.

190 2084 340 2146 ἔστωσαν
364 2078 604 2166 ἀντικείμενοι,
634 2073 682 2149 ὧν
707 2080 878 2168 διάμετροι
901 2084 938 2148 οιί
958 2088 1038 2165 ΑΓ,
1056 2086 1122 2159 ΒΛ,

123 2186 264 2268 κέντρον
289 2183 327 2251 δέ
349 2186 386 2252 τὸ
412 2193 457 2270 Ε,
481 2187 537 2253 καὶ
561 2186 789 2273 ἐφαπτόμεναι
812 2191 849 2254 αί
870 2195 951 2272 ΑΖ,
971 2195 1038 2254 ΖΔ
1060 2205 1124 2268 σομ-

72 2316 105 2363 20
125 2292 336 2358 πιπτέτωσαν
358 2293 441 2358 κατὰ
460 2293 499 2359 τὸ
520 2301 558 2378 Ζ,
581 2295 637 2360 καὶ
656 2292 722 2360 ἀιιό
740 2319 843 2360 τινων
863 2299 1010 2378 σημείων
1028 2291 1124 2377 ἤχθω

125 2418 189 2465 σοιν
219 2400 307 2486 καρὰ
335 2400 393 2478 τὰς
416 2407 523 2466 ΑΖΔ
546 2402 584 2466 αἱ
604 2406 786 2483 ΗΘΙΚΛ,
806 2402 998 2474 ΜΝΞΟΛ.
1044 2398 1125 2481 λέγω,

132 2505 184 2574 ὅτι
208 2509 315 2590 ἐστίν,
345 2503 390 2584 ὡς
412 2504 449 2573 τὸ
472 2504 538 2573 ἀπὸ
562 2513 627 2572 ΑΖ
650 2529 734 2590 προς
757 2503 794 2572 τὸ
818 2502 883 2571 ἀπὸ
908 2512 990 2589 ΖΛ,
1014 2502 1052 2572 τὸ
1073 2499 1125 2570 ὑπὸ

126 2619 226 2679 ΗΛΙ
246 2610 329 2698 πρὸς
352 2610 390 2679 τὸ
413 2610 479 2679 ὑπὸ
504 2615 620 2686 ΜΛΞ.

192 2718 356 2803 ἤχθωσαν
385 2718 474 2805 παρὰ
502 2720 559 2797 τὰς
586 2725 692 2784 ΑΖΔ
721 2715 776 2783 διὰ
805 2721 872 2783 τῶν
895 2719 938 2798 Ξ,
960 2722 983 2781 Ι
1009 2719 1046 2783 αλ
1066 2721 1127 2795 ΙΠ,

73 2842 107 2889 25
127 2823 193 2894 ΞΡ.
239 2824 296 2890 καὶ
325 2825 396 2890 έκεί
423 2827 528 2906 ἐστιν,
558 2820 601 2901 ὡς
627 2821 666 2890 τὸ
695 2820 759 2889 ἀπὸ
784 2828 848 2889 ΑΖ
871 2819 954 2905 πρὸς
976 2820 1015 2888 τὸ
1040 2824 1130 2888 ΑΖΣ

126 2930 307 3011 τρίγωνον,
332 2929 368 2994 τὸ
393 2927 457 2995 ἀπὸ
482 2935 545 2995 ΘΛ
569 2926 653 3015 πρὸς
675 2926 712 2995 τὸ
738 2933 837 2995 &Ao
859 2927 915 2993 καὶ
938 2927 975 2994 τὸ
1001 2927 1065 2994 ἀπὸ
1087 2927 1131 2992 ΘΙ

124 3027 208 3112 πρὸς
234 3029 273 3096 τὸ
304 3039 411 3118 ΘΙΠ,
444 3035 500 3100 καὶ
528 3035 648 3101 λοιπὸν
678 3032 743 3121 ἀρα
771 3032 808 3101 τὸ
836 3032 902 3099 ὑπὸ
934 3039 1034 3099 ΗΛΙ
1058 3029 1131 3117 πρὸς

126 3135 249 3201 λοιπὸν
271 3135 310 3202 τὸ
330 3143 353 3200 Ι
355 3145 393 3203 Π
396 3145 459 3203 ΟΛ
483 3138 726 3228 τετράπλευρόν
746 3142 847 3223 ἐστιν,
872 3135 915 3217 ὡς
933 3136 971 3205 τὸ
992 3136 1056 3206 ἀπὸ
1076 3147 1105 3205 A
1112 3141 1131 3201 Z

198 3335 221 3382 3.
241 3328 407 3399 ΒΓΛ]ΒΓ
422 3330 459 3396 V;
479 3348 589 3402 comp.
647 3339 686 3387 18.
707 3331 813 3404 af]bis
831 3331 865 3399 V;
886 3349 955 3388 corr.
971 3350 1041 3403 cvp.
1096 3337 1131 3385 21.

126 3400 296 3469 ΜΝΞΟΛ]
317 3401 446 3458 ΜΝΞΟ
465 3402 503 3464 V;
524 3420 592 3458 corr.
607 3421 634 3473 p.
704 3410 745 3460 23.
767 3404 859 3474 ΗΛΙ]
881 3407 949 3457 HM
963 3403 1005 3471 V;
1030 3421 1097 3458 corr.
1110 3420 1132 3471 p.

162 3476 204 3527 24.
225 3473 280 3538 ΙΠ,
300 3470 367 3543 ΞΡ]
387 3470 439 3536 ΙΞ,
460 3475 516 3526 ΠΡ
532 3474 569 3541 V;
589 3490 658 3530 corr.
677 3493 703 3543 p.
