2438 3892
17 147 191 213 ·>124
407 108 412 118 ’
518 142 745 202 mmmm.
825 129 909 181 ·'
1006 114 1045 127 ”

44 370 47 375 ,
124 295 344 422 περιφερείας
358 287 440 377 μετὰ
460 291 523 357 τοῦ
547 286 612 356 ἀπὸ
628 292 690 420 γῆς
708 288 915 375 κατηγμένης
934 248 1064 414 είιλους
1069 297 1145 358 ίσον

124 398 193 467 έστί
215 401 268 488 τῷ
286 395 351 465 ἀπὸ
373 400 437 484 τῆς
455 396 491 463 έκ
513 398 573 463 τοῦ
596 396 738 482 κέντρου
761 398 852 463 είὸει.

192 509 275 572 ἔστα
294 500 504 591 ὑπερβολὴ”
483 528 504 588 3
525 495 707 579 έλλειψις’“
687 526 708 586 3
727 498 856 568 κύκλου
873 463 1127 591 περιφέρεια,
1106 531 1146 599 33

83 607 345 698 διάμετρος
328 636 349 696 3
374 616 455 695 AB,
487 608 637 736 κέντρον
657 602 750 674 δὲ
717 633 755 675 το
779 613 824 691 Ε,
856 607 912 675 καί
924 609 1146 696 τεταγμένος

88 719 280 806 σκατήχθοι
303 713 415 803 3FA,
439 711 537 782 καί’
518 711 584 781 απὸ
607 717 675 781 τῶν
700 721 776 800 ΕΑ,
795 720 857 782 FA
881 714 1048 845 ίσογοένια
1072 720 1142 802 είδη

124 821 389 954 ἀγαγεγροίφθοι
396 818 438 889 τὰ
461 826 538 904 ΑΖ,
559 827 654 904 ΔΗ,
674 817 769 887 καί
753 846 774 906 3
798 826 859 888 FA
881 819 967 908 πρὸς
989 820 1053 909 τὴν
1077 829 1146 891 ΓΗ

123 929 184 999 τὸν
208 934 428 1015 συγκείμενον
450 928 548 1014 έχέτιο
571 924 676 1012 λόγον
701 931 736 994 έκ
754 952 789 994 τε
807 930 869 995 τοῦ
888 925 929 996 ὃν
949 925 1053 1016 ἔχει’
1034 956 1057 1016 3
1078 937 1146 997 ΑΕ

23 1025 50 1101 s
124 1034 208 1123 πρὸς
227 1041 300 1119 ΕΖ,
322 1033 378 1101 καὶ
402 1033 438 1101 ἐκ
460 1037 521 1100 τοῦ
539 1030 585 1101 ὃν
609 1030 715 1120 ἔχει
699 1059 720 1119 3
744 1031 847 1122 ὄρθια
870 1033 955 1122 πρὸς
978 1032 1041 1121 τὴν
1064 1020 1141 1103 π’λα

124 1146 212 1228 γίαν.
243 1136 381 1268 λέγφ,“
362 1163 424 1206 οτι
433 1137 545 1206 έπὶέ
505 1166 528 1226 μ
547 1166 569 1206 ν
586 1143 644 1226 τῆς
658 1136 897 1227 ὑπερβολῆς
864 1167 903 1208 το
922 1138 989 1208 ἀπὸ
1003 1144 1065 1228 τῆς
1077 1149 1142 1209 ΕΔ

72 1270 106 1320 10
117 1240 215 1326 εἶδος
237 1244 275 1314 τὸ
299 1243 419 1333 ὅμοιον
442 1249 488 1338 τῷ
512 1253 611 1314 All
611 1256 677 1313 σου
698 1247 768 1314 ἐστὶ
790 1261 862 1326 τοῖς
884 1253 961 1332 ΑΖ,
980 1250 1068 1334 ΗΔ,
1092 1250 1140 1317 ἐπὶ

126 1352 164 1423 33
195 1357 254 1440 τῆς
286 1355 462 1434 ἐλλείψεως
493 1353 549 1420 καὶ
580 1356 641 1420 τοῦ
673 1352 799 1421 κύκλου
826 1352 865 1421 τὸ
895 1350 963 1455 ἀπὸ.
989 1357 1048 1440 τῆς
1076 1361 1142 1421 EA

126 1457 245 1548 ὅμοιον
267 1464 314 1553 τῷ
337 1468 403 1528 AZ
426 1459 507 1549 μετὰ
530 1463 591 1528 τοῦ
614 1465 722 1527 ΗΔί
711 1468 786 1532 ίσον
810 1459 877 1528 ἐστὶ
901 1463 947 1550 τῷ
951 1451 1047 1528 AZ.
1150 1494 1153 1501 ·

192 1566 389 1696 πεποιήσθω
417 1566 498 1656 γάρ,
530 1563 575 1646 33
605 1562 625 1653 3
655 1564 758 1653 ὀρθία
785 1564 869 1654 πρὸς
896 1564 960 1651 τὴν
987 1573 1144 1654 πλαγίαν,

125 1671 147 1761 3
167 1679 252 1742 AF
254 1672 339 1761 πρὸς
357 1680 429 1742 ΓΘ·
474 1673 530 1741 καί
553 1676 627 1741 έπεί
646 1669 794 1759 έστιν,’
772 1699 817 1752 ως
839 1670 860 1759 3
879 1679 951 1741 AF
968 1671 1055 1760 πρὸς
1073 1680 1144 1758 ΓΘ,

73 1804 107 1856 15
126 1776 146 1866 3
171 1775 275 1862 ὀρθία
297 1762 383 1864 πρὸς
404 1779 467 1875 τὴν
488 1783 645 1865 πλαγίαν,
670 1775 742 1846 ἀλλ’
765 1775 809 1858 33
832 1776 852 1865 3
878 1785 947 1868 AF
965 1776 1050 1867 πρὸς
1072 1785 1144 1864 ΓΘ,

125 1883 163 1954 τὸ
191 1881 258 1950 ἀπὸ
286 1893 344 1969 τῆς
367 1889 437 1952 AF
464 1883 548 1972 πρὸς
575 1881 612 1952 τὸ
640 1881 706 1952 ὑπὸ
734 1888 803 1953 τῶν
826 1889 940 1970 ΑΓΘ,
973 1882 1021 1966 ὡς,
1053 1885 1092 1954 33
1121 1883 1142 1970 3

126 1987 230 2078 ὀρθία
257 1988 341 2076 πρὸς
368 1979 431 2078 τὴν
453 1996 613 2080 πλαγίαν,
645 1990 683 2059 τὸ
712 1990 778 2058 ἀπὸ
803 1998 873 2058 ΔΓ
900 1989 984 2079 πρὸς
1009 1990 1049 2060 τὸ
1077 1989 1143 2061 ὑπὸ

125 2103 247 2182 ΒΔΑ,
282 2104 358 2165 που
387 2095 454 2185 ἄρα
481 2096 519 2165 τὸ
542 2087 607 2165 ὑπὸ
632 2103 738 2164 ΒΔΑ
768 2107 814 2186 τε
838 2094 905 2164 ὑπὸ
929 2103 1042 2165 ΛΓο.
1089 2102 1143 2166 και
1172 2142 1176 2149 -

126 2202 196 2272 έπεί
219 2199 240 2289 3
266 2210 335 2272 AF
358 2201 444 2293 πρὸς
466 2210 535 2273 ΓΗ
560 2201 621 2272 τὸν
644 2208 863 2291 συγκείμενον
892 2208 958 2291 ἔχει
981 2203 1086 2289 λόγον
1110 2210 1146 2272 en

58 2304 107 2394 ἰο
125 2337 160 2380 τε
187 2313 249 2379 τοῦ
278 2307 319 2378 ὃν
348 2315 414 2399 έχει
442 2307 463 2397 3
492 2319 560 2378 ΑΕ
588 2308 672 2397 πρὸς
695 2317 764 2377 ΕΖ·
789 2310 845 2377 καί
871 2314 932 2378 τοῦ
960 2305 1001 2378 ὃν
1029 2314 1096 2398 ἔχει
1123 2308 1145 2398 3

126 2416 230 2507 ὀρθία
253 2417 337 2507 πρὸς
359 2416 422 2505 τὴν
445 2423 606 2505 πλαγίαν,
635 2419 807 2486 τουτέστιν
830 2414 851 2504 3
877 2421 947 2484 AF
964 2411 1048 2504 πρὸς
1070 2422 1148 2504 ΓΘ,

97 2540 101 2546 ’
127 2531 175 2594 ἔτι
204 2524 242 2594 δὲ
268 2523 290 2613 3
314 2530 385 2593 AF
412 2524 497 2611 πρὸς
520 2530 589 2593 ΓΗ
613 2523 675 2592 τὸν
704 2529 935 2611 συγκείμενον.
952 2527 1017 2608 ἔχει
1040 2521 1146 2610 λόγον

126 2636 221 2699 ἔκιε
244 2635 305 2700 τοῦ
330 2628 372 2700 ὃν
395 2636 461 2720 ἔχει
484 2628 596 2718 3AF
613 2629 697 2717 πρὸς
716 2636 779 2698 ΓΘ
802 2629 857 2698 καί
882 2630 917 2697 ἐκ
939 2632 1000 2698 τοῦ
1020 2625 1062 2698 ὃν
1079 2635 1146 2718 ἔχει

127 2734 148 2823 3
172 2742 238 2804 ΘΓ
257 2734 341 2825 πρὸς
363 2743 447 2823 ΓΗ,
474 2734 492 2805 ὁ
517 2735 582 2823 ἄρα
606 2741 822 2823 συγκείμενος
844 2734 945 2822 λόγος
968 2739 1062 2804 ἔκιε
1084 2740 1148 2806 τοῦ

72 2867 107 2919 νε
127 2838 168 2911 ὃν
196 2846 263 2929 ἔχει
289 2839 311 2929 3
336 2851 405 2910 ΑΕ
435 2842 518 2933 πρὸς
543 2850 602 2910 ΕΖ
637 2844 693 2910 καὶ
720 2843 756 2910 έκ
783 2847 845 2911 τοῦ
876 2839 917 2910 ὃν
945 2846 1011 2929 ἔχει
1034 2840 1152 2929 3AF

127 2947 211 3034 πρὸς
225 2951 288 3015 ΓΘ
312 2946 330 3015 ὁ
355 2946 457 3028 αὐτός
481 2952 549 3017 ἐστι
571 2954 618 3042 τῷ
643 2950 848 3037 συγκειμένῳ
867 2947 956 3038 λόγῳ
976 2953 1013 3016 ἔκ
1030 2976 1066 3016 τε
1083 2943 1147 3017 τοῦ

128 3051 169 3123 ὃν
198 3058 264 3141 ἔχει
292 3052 313 3141 3
342 3061 412 3123 AF
440 3054 523 3140 πρὸς
545 3062 610 3124 ΓΘ
641 3057 697 3124 καὶ
725 3059 760 3124 ἐκ
787 3060 848 3123 τοῦ
868 3052 918 3123 ’ὃν
946 3060 1011 3143 ἔχει
1037 3052 1059 3142 3
1084 3061 1152 3123 ΘΓ

46 3203 51 3213 ·
128 3159 212 3249 πρὸς
239 3166 316 3229 ΓΗ
367 3160 481 3242 κοινὸς
513 3160 744 3250 ἀφῃρήσθω
732 3191 750 3231 ο
777 3166 836 3249 τῆς
864 3166 927 3229 FA
954 3159 1059 3263 γυρὸς
1054 3167 1102 3229 Γ
1104 3169 1147 3230 Θ

71 3410 76 3419 ,
200 3361 225 3412 8.
246 3352 279 3412 ἐκ
296 3351 416 3429 τοῦ]ἒξ
402 3347 528 3422 ξοῦλίς
553 3373 623 3413 corr.
642 3357 753 3427 Halley.
846 3363 887 3412 13.
911 3357 1087 3412 πεποιείσθω
1108 3357 1147 3421 V;

131 3445 199 3486 corr.
202 3447 246 3516 p.
324 3434 367 3483 23.
387 3423 419 3482 ἐκ
437 3446 487 3481 του
472 3427 501 3499 ῦ]
522 3419 606 3494 ἐξ
572 3447 605 3482 ου
626 3429 663 3552 V,
689 3445 758 3485 corr
761 3429 906 3554 ἐΗιιΠεγ.
968 3433 1010 3482 25
1031 3423 1063 3483 ἐκ
1081 3429 1148 3502 τοῦ]

132 3497 163 3569 ἐξ
181 3491 273 3569 αὖλίς
293 3515 361 3556 corr.
381 3497 491 3565 flauey.
564 3494 640 3553 λεί
643 3500 740 3570 κτοῦ]
761 3493 906 3567 ἒεοῦλίς
923 3514 991 3552 corr.
1011 3498 1123 3569 Halley.

591 3830 683 3856 h..
