2438 3892
114 134 190 221 Ι252
504 122 689 188 'muman
708 128 747 206 μ’.

122 275 161 345 τὸ
193 278 299 364 πέρας
329 281 387 363 τῆς
422 277 602 363 διαμέτρου
634 274 846 362 παράλληλος
878 279 972 344 ἔσται
999 279 1039 365 τῆ
1066 279 1136 364 δίχα

123 386 308 473 τεμνομένῆ
333 382 460 472 εὐθείᾳ.

192 495 341 558 ἔστωσαν
369 485 595 574 ἄντικείμεναι
624 488 724 574 τομαὶ
748 490 787 554 αἱ
806 495 855 573 A,
874 494 919 573 B,
951 487 974 575 ῆ
1008 487 1046 556 δὲ
1073 486 1137 556 διέ-

124 622 243 682 μετρος
266 593 378 663 αὐτῶν
401 592 422 680 ῆ
442 600 507 661 AB
530 594 673 680 τεμνέτω
697 595 735 662 έν
758 597 800 683 τῆ
819 600 849 660 Β
871 598 958 682 τομῆ
984 597 1062 681 δίχα
1081 592 1137 680 τῆν

88 708 186 770 οΓΔ
209 699 348 769 εὐθεῖαν
371 699 453 768 κατὰ
477 700 515 768 τὸ
540 708 578 768 E.
623 700 721 786 λέγω,
746 696 798 768 ὅτι
821 696 842 786 ῆ
865 699 948 768 κατὰ
971 698 1011 769 τὸ
1034 711 1067 769 Α
1090 702 1136 787 ἐμ

125 808 292 893 απτομένῆ
314 811 374 893 τῆς
395 811 498 894 τομῆς
520 806 732 894 παράλληλός
754 793 822 874 ἐστι
846 810 886 895 τῆ
910 812 984 875 ΓΔ.

192 917 223 980 εί
244 912 309 1000 γὰρ
334 913 498 999 δυνατόν,
528 918 611 981 ἔστω
637 917 677 1001 τῆ
700 913 783 979 κατὰ
807 911 845 980 τὸ
869 923 902 980 A
929 914 1133 1001 ἐφαπτομένῃ

123 1023 184 1104 τῆς
205 1024 309 1106 τομῆς
330 1017 543 1106 παράλληλος
560 1017 581 1105 ῆ
599 1027 634 1086 Δ
640 1026 681 1085 Ζ·
709 1027 765 1106 ἴση
784 1017 851 1106 ἄρα
870 1016 891 1105 ῆ
910 1027 944 1086 Δ
950 1026 990 1087 Η
1007 1024 1049 1109 τῆ
1068 1027 1132 1088 ΗΖ.

125 1130 194 1193 ἔστι
219 1125 256 1192 δὲ
278 1127 334 1192 καὶ
358 1123 378 1210 ῆ
399 1133 469 1193 ΔΕ
488 1130 528 1214 τῆ
547 1131 614 1193 ΕΓ
633 1133 697 1212 ἴση.
733 1125 948 1213 παράλληλος
967 1124 1034 1214 ἄρα
1052 1127 1132 1195 ἐστὶν

74 1229 145 1319 1οῆ
166 1238 227 1300 ΓΖ
250 1235 289 1320 τῆ
309 1239 391 1300 ΕΗ·
416 1229 497 1320 ὅπερ
516 1230 700 1300 ἀδύνατον·
729 1234 956 1319 ἐκβαλλομένη
976 1237 1040 1321 γὰρ
1060 1229 1131 1320 αὐτῆ

126 1343 313 1425 συμπίπτει.
350 1336 411 1406 οὐκ
434 1337 500 1424 ἄρα
523 1337 736 1426 παράλληλός
757 1341 848 1407 ἐστιν
872 1335 893 1425 ῆ
912 1346 946 1404 Δ
953 1347 980 1406 Ζ
1002 1343 1043 1428 τῆ
1061 1338 1132 1407 κατὰ

124 1445 163 1514 τὸ
179 1455 211 1513 A
227 1446 439 1534 ἐφαπτομένῃ
454 1450 512 1531 τῆς
524 1450 629 1533 τομῆς
643 1442 723 1513 οὐδὲ
738 1443 821 1531 ἄλλη
836 1471 886 1525 τις
899 1444 989 1532 πλῆν
1001 1451 1061 1532 τῆς
1073 1451 1131 1514 ΓΔ.

602 1676 665 1750 λς’.

191 1797 270 1868 Ἐὰν
294 1801 331 1868 ἐν
350 1801 488 1888 ἑκατέρα
514 1811 583 1867 τῶν
602 1797 842 1888 ἀντικειμένων
860 1799 993 1869 εὐθεῖαι
1013 1797 1132 1890 ἄχθῶσι

74 1922 107 1970 15
125 1905 334 1991 παράλληλοι
376 1896 490 1990 οὖσαι,
530 1902 552 1991 ῆ
593 1904 653 1986 τὰς
694 1912 886 1995 διχοτομίας
926 1906 1041 1977 αὐτῶν
1076 1910 1132 1976 ἐπι-

127 2011 334 2096 ζευγνύουσα
357 2007 474 2078 εὐθεῖα
494 2013 670 2101 διάμετρος
693 2019 785 2084 ἔσται
804 2025 873 2082 τῶν
892 2011 1134 2102 ἀντικειμένων.

192 2122 341 2184 ἔστωσαν
360 2115 499 2184 ἀντικεί-

125 2250 224 2311 μεναι
237 2226 336 2311 τομαὶ
355 2226 392 2289 αι’
404 2232 447 2308 Α,
460 2230 500 2308 Β,

126 2329 181 2396 καὶ
210 2331 247 2396 ἐν
275 2331 413 2420 ἑκατέρα
441 2328 499 2397 αὐ-

72 2453 106 2502 20
124 2435 360 2525 τώνῆχθωσαν
368 2437 500 2505 εὐθεῖαι

127 2548 241 2630 αίΓΛ,
250 2552 323 2629 ΕΖ,
335 2545 391 2612 καὶ
401 2549 500 2612 ἔστω-

127 2669 191 2719 σαν
207 2651 425 2740 παροὲλλῆλοι,
444 2652 500 2718 καὶ

109 2755 301 2841 τετμήσθω
364 2758 500 2843 ἑκατέρα

127 2855 240 2926 αὐτῶν
271 2863 348 2947 δίχα
374 2865 458 2930 κατὰ
486 2862 526 2930 τὰ
549 2869 641 2948 Η,Θ
668 2876 803 2949 σημεῖα,
830 2862 886 2929 καὶ
910 2862 1096 2950 ἐπεζεύχθω
1117 2857 1134 2946 ῆ

72 2980 106 3029 25
128 2970 201 3030 ΗΘ.
225 2966 321 3051 λέγω,
343 2971 393 3035 ὅτι
412 2967 432 3054 ῆ
448 2977 487 3036 Η
489 2977 517 3036 Θ
536 2968 713 3057 διάμετρός
727 2971 796 3036 ἐστι
810 2973 878 3036 τῶν
893 2967 1133 3057 ἀντικειμένων.

193 3073 223 3135 εἰ
249 3068 313 3155 γὰρ
343 3074 403 3159 μῆ,
437 3079 519 3142 ἔστω
549 3073 569 3161 ῆ
594 3083 674 3142 HK.
720 3074 741 3161 ῆ
769 3074 834 3161 ἅμα
859 3075 941 3142 κατὰ
965 3074 1004 3143 τὸ
1029 3086 1061 3143 A
1085 3078 1133 3162 ἐμ

127 3177 294 3261 απτομένῆ
318 3177 531 3264 παράλληλός
555 3183 624 3249 ἐστι
646 3192 686 3270 τῆ
711 3188 743 3248 Γ
740 3190 772 3248 A
779 3204 786 3220 ·
820 3179 982 3249 ὥστεκαὶ
1006 3186 1046 3270 τῆ
1072 3188 1133 3250 ΕΖ.

127 3291 181 3368 ἴση
202 3281 266 3369 ἄρα
286 3283 376 3350 ἐστὶν
395 3281 416 3368 ῆ
436 3292 506 3351 ΕΚ
521 3291 560 3374 τῆ
582 3295 659 3353 ΚΖ·
688 3285 768 3372 ὅπερ
788 3286 972 3374 ἀδύνατον,
997 3289 1068 3357 ἐπεὶ
1087 3287 1134 3356 καὶ

199 3488 224 3536 4.
243 3481 277 3552 Β]
297 3479 363 3548 δίχα
381 3477 419 3546 V3
439 3495 508 3533 corr.
528 3498 554 3548 p.
