2438 3892
165 131 208 196 26
560 132 728 186 ΚαΝΙΚοΝ
748 129 783 187 α’.

163 278 268 360 τομῆς
289 272 327 342 τὸ
346 281 385 360 Θ,
409 276 464 341 καὶ
488 272 583 360 ῆχθω
608 272 665 342 διὰ
687 285 750 342 τοῦ
769 281 797 341 Θ
819 279 858 363 τῆ
879 282 949 342 ΑΒ
970 275 1190 365 παρώλληλος

168 377 288 465 ῆΘΚ.
335 383 435 467 λέγω,
467 380 518 447 ὅτι
541 377 561 466 ῆ
586 386 654 447 ΘΚ
685 385 849 466 συμβαλεῖ
878 384 917 469 τῆ
948 388 1023 448 ΖΗ
1052 385 1113 452 καλ
1147 387 1191 453 έκ-

166 488 356 573 βαλλομένη
372 489 434 566 έιος
447 491 507 554 τοῦ
527 487 642 573 ἑτέρου
661 487 784 574 μέρους
797 491 855 573 τῆς
869 493 973 554 ΔΖΕ
989 493 1102 576 τομῆς
1117 494 1190 578 δίχα

162 594 369 682 τμηθήσεται
392 592 457 661 ὑπὸ
481 597 539 680 τῆς
563 600 632 660 ΖΗ
654 591 799 672 εὐθείας.

127 721 142 770 5
229 702 298 769 ἐπεὶ
326 699 390 787 γὰρ
421 703 544 784 κώνος,
578 689 619 766 οὗ
647 697 781 786 κορυφῆ
809 699 872 786 μέν
898 698 935 767 τὸ
965 709 998 766 Α
1033 717 1190 790 σημεῖον,

160 805 260 892 βάσις
292 806 330 874 δὲ
363 802 380 872 ὁ
413 811 479 872 ΒΓ
505 802 641 890 κύκλος,
673 805 828 891 τέτμηται
856 806 1000 896 ἐπιπέδῳ
1038 807 1102 876 διὰ
1131 814 1190 879 τοῦ

162 911 294 996 ίίξονος,
317 911 373 978 καὶ
397 925 488 978 ποιεῖ
507 909 613 997 τομῆν
636 909 673 978 τὸ
699 918 803 979 ΑΒΓ
823 916 1007 998 τρίγωνον,
1033 921 1191 1002 εἴληπται

162 1017 203 1083 δέ
219 1042 250 1083 τι
269 1030 410 1103 σημεῖον
430 1017 482 1084 ἐπὶ
500 1020 557 1101 τῆς
576 1018 784 1102 ἐπιφανείας,
809 1014 827 1084 δ
846 1016 891 1102 μῆ
911 1019 1002 1084 ἐστιν
1018 1020 1078 1088 ἐπὶ
1092 1031 1190 1092 πλευ-

162 1126 224 1210 ρᾶς
241 1125 303 1190 τοῦ
318 1129 423 1190 ΑΒΓ
436 1123 615 1209 τριγώνου,
633 1122 671 1191 τὸ
692 1130 731 1209 Θ,
750 1129 809 1190 καί
824 1125 892 1192 ἐστι
910 1121 1059 1206 κάθετος
1078 1125 1101 1215 ῆ
1118 1136 1192 1198 ΔΗ

110 1251 143 1300 10
162 1231 215 1296 ἐπὶ
243 1230 305 1315 τῆν
329 1235 405 1314 ΒΓ,
433 1229 454 1315 ῆ
484 1231 550 1316 ἄρα
579 1228 635 1297 διδι
663 1234 725 1296 τοῦ
750 1236 778 1296 Θ
805 1233 844 1318 τῆ
869 1236 945 1297 ΔΗ
968 1231 1191 1321 παράλληλος

161 1333 321 1423 ἀγομένη,
344 1337 515 1404 τουτέστιν
534 1333 554 1423 ῆ
569 1342 646 1421 ΘΚ,
666 1341 832 1421 συμβαλεῖ
846 1339 892 1426 τῷ
906 1341 1012 1403 ΑΒΓ
1026 1341 1189 1434 τριγώνῳ

159 1445 216 1512 καλ
239 1443 555 1531 προσεκβαλλομένη
577 1444 639 1522 ἕως
661 1452 722 1510 τοῦ
747 1443 863 1530 ἑτέρον
886 1442 1009 1529 μέρους
1033 1449 1098 1529 τῆς
1123 1450 1189 1516 ἐπι-

160 1557 303 1638 φανείας
327 1554 403 1637 δίχα
422 1548 627 1636 τμηθήσεται
646 1545 712 1616 ὑπὸ
731 1552 792 1616 τοῦ
810 1547 987 1636 τριγώνου.
1027 1553 1105 1620 ἐπεὶ
1125 1547 1189 1623 οὖν

160 1654 181 1743 ῆ
207 1655 262 1725 διδι
286 1660 347 1724 τοῦ
372 1662 400 1722 Θ
423 1659 463 1742 τῆ
487 1662 558 1722 ΔΒ
582 1654 795 1742 παράλληλος
823 1652 969 1740 ἀγομένη
995 1659 1190 1744 συμβάλλει

108 1781 141 1830 15
160 1766 206 1853 τῷ
234 1767 340 1830 ΑΒΓ
368 1759 520 1850 τριγώνῳ
552 1766 612 1827 καί
636 1763 727 1829 ἐστιν
760 1761 796 1828 ἐν
826 1763 873 1853 τῷ
901 1758 957 1828 διὰ
989 1765 1052 1847 τῆς
1082 1775 1191 1835 ΔΖΒ

160 1879 263 1955 τομῆς
291 1867 450 1956 ἐπιπέδῳ,
484 1867 536 1934 ἐπὶ
563 1868 627 1952 τῆν
654 1865 775 1953 κοινῆν
804 1864 868 1954 ἄρα
894 1865 1003 1954 τομῆν
1031 1886 1188 1941 πεσεῖται

159 1977 221 2041 τοῦ
240 1975 421 2059 τέμνοντος
441 1975 599 2042 ἐπιπέδου
613 1975 743 2042 καὶτοῦ
758 1979 862 2042 ΑΒΓ
874 1970 1054 2061 τριγώνου.
1084 1979 1186 2066 κοινῆ

160 2079 197 2147 δὲ
220 2079 304 2165 τομῆ
329 2081 398 2146 ἐστι
420 2083 489 2147 τών
513 2080 678 2148 ἐπιπέδων
702 2077 723 2167 ἡ
744 2087 825 2146 ΖΗ·
853 2076 874 2164 ῆ
898 2077 964 2165 ἄρα
989 2079 1048 2149 διδι
1073 2089 1186 2154 τοῦΘ

158 2189 198 2274 τῆ
228 2194 299 2254 ΔΕ
328 2185 541 2274 παράλληλος
569 2185 715 2274 ἀγομένη
744 2198 889 2255 πεσεῖται
918 2186 971 2253 ἐπὶ
1003 2185 1070 2273 τῆν
1099 2200 1183 2260 ΖΗ·

105 2313 140 2360 20
159 2293 215 2360 καὶ
233 2294 547 2380 προσεκβαλλομένη
567 2295 629 2372 έώς
647 2298 707 2360 τοῦ
727 2294 843 2380 ἑτέρου
861 2294 982 2380 μέρους
1000 2297 1063 2379 τῆς
1079 2306 1185 2366 ΔΖΒ

158 2405 263 2487 τομῆς
287 2404 364 2485 δίχα
386 2398 593 2485 τμηθῆσεται
616 2397 681 2466 ὑπὸ
706 2402 764 2486 τῆς
788 2407 860 2466 ΖΗ
878 2397 1023 2478 εὐθείας.

224 2506 300 2593 ῆτοι
325 2503 367 2592 δῆ
387 2504 404 2574 ὁ
424 2516 535 2585 κεῖνος
553 2502 659 2592 ὀρθός
678 2506 779 2590 ἐστιν,
803 2501 823 2590 ῆ
842 2506 879 2572 τὸ
900 2503 957 2572 διὰ
974 2509 1036 2572 τοῦ
1055 2505 1182 2590 ἄξονος

159 2619 326 2700 τρίγωνον
349 2611 387 2680 τὸ
413 2618 516 2680 ΑΒΓ
537 2609 646 2698 ὀρθόν
670 2611 739 2678 ἐστι
762 2608 927 2698 πρδςτδν
951 2615 1019 2676 ΒΓ
1037 2613 1179 2703 κύκλον,

157 2717 178 2803 ῆ
204 2716 390 2805 οὐδέτερον.

84 2842 139 2890 ‘25
226 2830 308 2891 ἔστω
332 2823 497 2911 πρότερον
522 2821 539 2891 ὁ
564 2828 672 2903 κώνος
692 2821 811 2910 ὀρθός·
835 2832 885 2909 εῖη
904 2822 949 2890 δν
973 2814 1036 2890 οὖν
1061 2827 1120 2894 καὶ
1140 2827 1177 2899 τὸ

158 2936 262 2997 ΑΒΓ
276 2935 442 3016 τρίγωνον
462 2928 572 3017 ὀρθὸν
589 2929 674 3017 πρὸς
692 2929 752 2998 τὸν
766 2936 834 2997 ΒΓ
851 2928 986 2996 κύκλον.
1024 2932 1096 2999 ἐπεὶ
1115 2928 1179 3004 οὖν

158 3038 318 3104 ἐπίπεδον
340 3034 377 3103 τὸ
401 3042 507 3104 ΑΒΓ
529 3034 610 3123 πρὸς
634 3040 792 3105 ἐπίπεδον
813 3034 852 3103 τὸ
874 3040 941 3102 ΒΓ
960 3031 1072 3121 ὀρθόν
1097 3042 1179 3128 ἐστι,

156 3143 212 3208 καλ
235 3146 275 3230 τῆ
298 3146 395 3230 κοινῆ
417 3140 528 3210 αὐτῶν
546 3147 630 3230 τομῆ
650 3147 689 3230 τῆ
708 3148 775 3210 ΒΓ
794 3144 830 3209 ἐν
850 3143 901 3209 ἑνὶ
920 3143 988 3208 τών
1008 3142 1178 3215 ἐπιπέδων

157 3253 203 3338 τῳ
224 3254 290 3315 ΒΓ
308 3247 392 3331 πρὸς
416 3246 523 3334 ὀρθὰς
546 3240 643 3334 ῆκται
661 3245 682 3332 ῆ
698 3256 777 3333 ΑΕ,
800 3245 909 3333 ῆΑΒ
930 3245 995 3332 ἄρα
1013 3251 1060 3338 τῷ
1076 3259 1184 3322 ΑΒΓ

104 3373 138 3423 30
157 3354 309 3442 τριγώνῳ
338 3355 407 3421 ἐστὶ
435 3353 519 3441 πρὸς
547 3352 667 3441 ὀρθώς·
704 3355 760 3420 καλ
788 3351 871 3441 πρὸς
893 3351 1003 3431 πώσας
1025 3351 1094 3442 ἄρα
1117 3359 1179 3440 τὰς

156 3458 344 3547 ἁπτομένας
380 3458 483 3546 αὐτῆς
523 3456 658 3539 εὐθείας
694 3462 749 3528 καὶ
787 3458 890 3540 οὐσας
927 3462 964 3527 ἐν
996 3463 1042 3552 τῷ
1074 3473 1183 3534 ΑΒΓ
