2438 3892
123 116 188 182 382
444 90 447 95 ’
521 110 687 165 mmm
704 105 744 178 γ’.

121 257 314 347 τετράγωνα
333 255 436 341 λόγον
456 259 602 341 ἔχουσιν,
622 247 662 318 ὃν
681 253 718 318 τὸ
738 246 803 316 ἀπὸ
821 251 880 334 τῆς
896 247 1022 337 ὀρθίας
1035 248 1134 338 τετρά-

122 390 236 450 γωνον
259 366 342 450 πρὸς
364 366 401 429 τὸ
425 358 490 427 ἆττὸ
513 361 571 444 τῆς
594 361 735 442 πλαγίας
756 354 984 442 τετράγωνον.

192 475 340 537 ἔστωσαν
359 463 443 533 κατὰ
462 467 621 547 συζυγίαν
640 459 867 548 ἀντικείμενοι
882 466 922 529 αλ
934 471 976 548 A,
992 470 1032 548 B,
1048 469 1085 548 Γ,
1097 471 1133 548 A,

125 575 296 662 διάμετροι
321 571 358 640 δὲ
382 568 494 637 αὐτῶν
519 567 623 656 ὀρθία
646 567 708 655 μὲν
730 563 750 653 ἤ
775 572 887 652 ΑΕΓ,
913 575 1039 655 πλαγία
1062 566 1132 653 δὲῆ

89 688 242 765 τΒΒΔ,
265 679 321 746 καὶ
344 678 421 764 παρ’
443 672 546 754 αὐτὰς
568 673 732 762 ἤχθωσαν
756 677 793 740 αλ
815 681 968 761 ΖΗΘΚ,
990 682 1134 743 ΛΗΜΝ

87 788 305 877 τέμνουσαι
344 782 488 869 ἀλλήλας
524 782 579 848 καλ

124 890 181 971 τὰς
199 889 310 977 τομάς.
347 886 487 975 λέγω,’
469 915 520 956 οτι
538 887 579 955 τὰ

124 995 188 1064 ἀπὸ
223 1000 291 1063 των
323 1001 438 1063 ΛΗΝ
470 992 580 1082 τετραλ-

72 1235 105 1284 10
124 1210 228 1294 λογον
244 1203 355 1293 ἔχει
338 1233 378 1274 ον
391 1232 429 1273 το
444 1204 561 1272 απὸ
523 1232 581 1291 της
651 1183 667 1222 Ι
696 1222 714 1262 ι’

126 1320 194 1381 ΑΓ
212 1318 295 1401 πρὸς
317 1318 354 1381 τὸ
379 1313 443 1381 ἀπὸ
467 1319 542 1378 BA.
701 1304 705 1315 ’

191 1417 353 1507 ἤχθωσαν
405 1417 469 1506 γὰρ
515 1415 580 1485 ἀπὸ

124 1530 193 1594 τῶν
212 1534 250 1612 Ζ,
266 1533 297 1594 A
319 1528 525 1612 τεταγμένως
546 1528 584 1591 αἱ

126 1636 199 1719 ΛΞ,
225 1640 299 1700 ΖΟ·
336 1633 544 1720 παράλληλοι
572 1630 637 1719 ἄρα
664 1632 729 1698 εἰσὶ
756 1646 827 1713 ταλς
854 1637 929 1717 ΑΓ,
953 1639 1031 1700 BA.
1075 1629 1133 1700 ἀπὸ

73 1765 106 1812 15
126 1739 163 1806 δὲ
190 1743 250 1806 τοῦ
279 1745 308 1805 Β
336 1738 432 1826 ἤχθω
461 1737 482 1826 ἤ
511 1736 614 1826 ὀρθία
640 1742 699 1825 τῆς
725 1745 792 1805 BA
818 1735 839 1825 ἤ
862 1745 944 1805 ΒΠ·
993 1741 1134 1827 φανερὸν

126 1845 179 1930 δή,
204 1842 254 1911 ὅτι
279 1847 384 1931 ἐστίν,
410 1844 455 1924 ὡς
476 1842 496 1931 ἤ
521 1851 589 1911 ΠΒ
613 1849 696 1932 πρὸς
713 1851 795 1930 BA,
817 1849 857 1912 τὸ
880 1841 946 1912 ἀπὸ
973 1853 1042 1913 ΑΓ
1060 1848 1135 1932 πρὸς

123 1953 161 2017 τὸ
189 1947 253 2015 ἀπὸ
282 1955 351 2016 BA
381 1951 437 2017 καὶ
464 1956 501 2018 τὸ
529 1949 595 2018 ἀπὸ
624 1958 693 2018 AE
718 1949 800 2038 πρὸς
831 1954 867 2018 τὸ
896 1950 960 2019 ιἰπὸ
991 1958 1054 2019 ΕΒ
1085 1953 1135 2018 καὶ

123 2059 160 2122 τὸ
195 2053 260 2122 ἀπὸ
289 2063 352 2122 ZO
384 2060 466 2142 πρὸς
497 2060 533 2123 τὸ
567 2054 632 2125 ὑπὸ
661 2064 764 2125 BOA
795 2059 849 2125 καὶ
881 2063 919 2126 τὸ
951 2055 1019 2126 ὑπὸ
1047 2060 1135 2135 ΓΞΑ

124 2165 206 2250 πρὸς
228 2165 265 2228 τὸ
290 2160 353 2229 ἀπὸ
374 2160 444 2237 ΛΞ.
488 2167 580 2230 ἔστιν
604 2161 684 2249 ἤρα,
714 2161 758 2243 ὡς
786 2167 822 2232 ἓν
848 2168 916 2232 τῶν
943 2162 1136 2251 ἡγουμένων

72 2295 105 2343 20
125 2272 206 2355 πρὸς
235 2271 271 2334 ἓν
300 2272 367 2335 τῶν
396 2269 584 2355 ἑπομένων,
618 2268 723 2348 οὕτως
752 2269 880 2338 ἅπαντα
908 2270 947 2338 τὰ
973 2269 1135 2358 ἡγούμενα

125 2375 209 2462 πρὸς
232 2373 361 2442 ἅπαντα
385 2376 424 2442 τὰ
449 2377 605 2461 ἑπόμενα·
648 2372 691 2454 ὦς
720 2375 786 2463 ἄρα
812 2381 848 2446 τὸ
877 2373 940 2443 ἀπὸ
966 2385 1037 2446 ΑΓ
1061 2381 1136 2464 πρὸς

125 2489 162 2550 τὸ
188 2482 252 2550 ἅτιὸ
272 2490 351 2567 BA,
374 2487 410 2550 τὸ
434 2479 499 2549 ὑπὸ
519 2485 615 2558 ΓΞΑ
638 2482 718 2567 μετὰ
742 2488 804 2550 τοῦ
827 2480 890 2550 ἀπὸ
911 2493 982 2550 AE
1004 2486 1136 2551 καὶτοῦ

125 2586 191 2656 ἀπὸ
218 2597 293 2675 OZ,
321 2589 471 2658 τουτέστι
498 2594 560 2657 τοῦ
587 2586 651 2656 ἀπὸ
676 2597 752 2674 ΕΘ,
781 2594 863 2676 πρὸς
885 2595 922 2657 τὸ
947 2587 1014 2657 ὑπὸ
1040 2596 1134 2657 AOB

126 2694 206 2779 μετὰ
230 2701 292 2762 τοῦ
316 2695 379 2763 οότὸ
403 2703 468 2762 ΒΕ
487 2696 543 2761 καὶ
562 2700 623 2761 τοῦ
642 2693 707 2762 ἀπὸ
728 2699 801 2781 ΛΞ,
825 2697 971 2763 τουτέστι
998 2701 1061 2765 τοῦ
1080 2696 1136 2764 ἀπὸ

73 2821 107 2867 25
127 2805 209 2865 ME.
246 2797 330 2866 ἀλλὰ
355 2805 391 2868 τὸ
416 2802 478 2887 μέν
500 2798 566 2868 ὑπὸ
587 2804 684 2877 ΓΞΑ
706 2801 787 2888 μετὰ
810 2806 870 2868 τοῦ
889 2800 953 2868 ιἰπὸ
975 2810 1045 2867 AE
1067 2812 1135 2870 ἴσον

126 2902 192 2968 ἐστὶ
217 2907 262 2991 τῷ
287 2906 351 2971 ἀπὸ
374 2908 452 2990 ΞΕ,
475 2910 511 2973 τὸ
537 2905 573 2973 δέ
596 2903 660 2974 ὑπὸ
682 2914 782 2973 AOB
806 2904 886 2993 μετὰ
908 2910 971 2974 τοῦ
995 2904 1060 2974 ιἰιτὸ
1080 2912 1137 2973 ΒΒ

125 3015 201 3073 λ’σον
230 3009 298 3098 ἐστὶ
325 3014 370 3098 τῷ
400 3009 465 3077 ι’ωτὸ
491 3019 565 3077 ΟΕ·
604 3010 648 3091 ὡς
671 3011 736 3098 ἄρα
760 3017 796 3079 τὸ
821 3011 884 3078 ἀπὸ
909 3019 978 3079 ΑΓ
997 3014 1082 3100 πρὸς
1103 3017 1136 3081 τὸ

125 3108 188 3178 ἀπὸ
213 3119 291 3196 BA,
315 3113 355 3179 τὰ
380 3112 444 3182 ἀπὸ
467 3119 563 3191 &EA
586 3122 667 3205 πρὸς
689 3118 729 3185 τὰ
752 3116 816 3185 ἀπὸ
842 3124 966 3201 OEM,
991 3122 1136 3186 τουτέστι

125 3216 164 3286 τὰ
189 3215 252 3285 ἀπὸ
273 3226 393 3287 ΛΜΗ
411 3228 494 3309 πρὸς
516 3223 556 3291 τὰ
580 3222 644 3292 ἀπὸ
670 3233 777 3293 ΖΘΗ.
814 3230 873 3292 καί
893 3227 961 3291 ἐστι
986 3230 1056 3294 τῶν
1080 3225 1136 3312 μὶν

198 3388 221 3435 5.
251 3381 349 3451 BEA]
380 3384 465 3434 ΑΕΔ
493 3382 532 3446 V;
561 3400 629 3438 corr.
653 3403 680 3453 p.
771 3385 917 3455 AHMN]
947 3388 1080 3438 HAMN
1103 3384 1136 3448 λῖς

125 3466 195 3506 corr.
214 3470 241 3520 p.
324 3458 364 3507 14.
385 3456 445 3519 ΑΓ,
465 3454 530 3523 BA]
550 3459 607 3522 AB,
629 3459 678 3507 ΓΔ
699 3456 736 3521 V3
756 3473 825 3510 corr.
845 3476 871 3525 p.
956 3465 997 3511 19,
1018 3458 1089 3527 ΛΞ]
1108 3473 1136 3523 p3
