2438 3892
129 156 193 222 166
525 159 692 212 ΚΩΝΙΚΩΝ
711 153 751 212 α’.

605 333 668 401 W

194 459 270 529 Δύο
295 463 465 528 δοθεισῶν
489 454 634 526 εὐθειῶν
657 459 917 546 πεπερασμένων
936 457 1023 548 πρὸς
1041 454 1147 547 ὀρθάς

127 565 287 654 ἀλλήλαις
308 571 368 653 τής
390 566 503 655 ἑτέρας
526 566 771 652 ἐκβαλλομένης
793 565 847 632 ἐπὶ
870 561 976 634 ταὺτά
997 569 1038 655 πή
1059 564 1147 654 ὀρθή

127 679 235 765 γωνίᾳ
263 670 375 760 εὑρεῖν
404 672 457 740 ἐπὶ
484 676 543 759 τής
569 676 879 759 προσεκβληθείσης
900 670 1017 741 κοίνου
1039 672 1145 760 τομήν

91 781 188 868 οτήν
215 781 428 866 καλουμένην
449 776 641 865 ὑπερβολήν
665 780 702 846 έν
724 789 769 871 τῳ
793 775 883 871 αὐτῷ
907 781 1053 871 ἐπιπέδῳ
1077 793 1146 859 ταῖς

126 886 290 973 εὐθείαις,
318 887 409 965 ὅπως
438 882 457 971 ἡ
486 885 549 972 μὲν
575 890 866 973 προσεκβληθεῖσα
894 884 1074 975 διάμετρος
1096 895 1144 973 εἴη

125 997 185 1080 τῆς
216 996 334 1079 τομής,
367 988 502 1078 κορυφή
536 991 574 1058 δὲ
604 990 642 1060 τὸ
675 990 760 1081 πρὸς
791 995 831 1080 τῇ
859 997 967 1083 γωνίᾳ
996 1005 1144 1080 σημεῖον,

126 1095 198 1184 ήτις
222 1097 260 1165 δὲ
283 1097 328 1165 ἀν
349 1101 501 1184 καταχθή
525 1093 590 1165 ἀπὸ
613 1102 672 1184 τῆς
689 1102 793 1185 τομῆς
811 1099 864 1166 ἐπὶ
882 1095 945 1185 τήν
965 1099 1142 1189 διάμετρον

125 1208 256 1289 γωνίαν
287 1213 432 1271 ποιοῦσα
465 1211 542 1290 ῖσην
569 1207 609 1292 τῇ
638 1208 795 1292 δοθείσῃ,
820 1203 1013 1291 [δυνήσεται
1040 1229 1142 1294 παρα-

73 1335 106 1385 10
125 1317 281 1398 κείμενον
300 1306 516 1399 ὀρθογοίνιον
535 1310 624 1396 παρὰ
644 1307 706 1396 τήν
725 1311 842 1398 ἑτέραν
862 1306 1003 1378 εὐθεῖαν
1022 1311 1141 1392 πλάτος

125 1424 203 1506 ἔχον
226 1417 288 1505 τήν
311 1415 638 1505 ἀπολαμβανομένην
661 1414 727 1484 ὑπὸ
751 1419 810 1503 τῆς
833 1419 1044 1505 κατηγμένης
1062 1417 1140 1506 πρὸς

124 1529 164 1612 τή
183 1536 316 1614 κορυφῇ
335 1523 547 1611 ὑπερβάλλον
565 1526 647 1591 εῖδει
667 1521 773 1613 ὁμοίῳ
792 1522 848 1590 καί
863 1520 989 1610 ὁμοίως
1003 1527 1139 1613 κειμένῳ

124 1635 170 1725 τῳ
193 1629 260 1700 ὑπὸ
283 1642 352 1700 τῶν
376 1634 409 1713 ἐξ
432 1628 537 1720 ἀρχῆς
559 1627 713 1699 εὐθειῶν.

192 1742 341 1805 ἔστωσαν
378 1741 416 1805 αί
451 1743 606 1805 δοθεῖσαι
641 1735 704 1804 δύο
735 1732 866 1805 εὐθεῖαι
898 1739 1141 1825 πεπερασμέναι

73 1867 106 1915 15
125 1842 209 1932 πρὸς
232 1840 341 1931 ὀρθάς
363 1840 523 1929 ἀλλήλαις
545 1846 583 1910 αί
600 1850 679 1928 ΑΒ,
704 1849 780 1928 ΒΓ,
802 1844 858 1911 καὶ
881 1843 1100 1932 ἐκβεβλήσθω
1121 1840 1141 1930 ή

124 1955 191 2016 ΑΒ
219 1948 272 2016 ἐπὶ
299 1945 337 2016 τὸ
363 1956 408 2014 Α·
456 1953 510 2016 δεῖ
535 1948 577 2036 δή
605 1946 719 2037 εὑρεῖν
743 1951 780 2017 έν
802 1954 848 2040 τῷ
873 1948 928 2017 διά
951 1954 1022 2018 τῶν
1046 1954 1145 2019 ΑΒΓ

125 2054 268 2147 ἐπιπέδῳ
292 2051 495 2143 ὑπερβολήν,
518 2047 559 2142 ἧς
582 2056 759 2144 διάμετρος
782 2055 844 2142 μὲν
868 2061 959 2124 ἔσται
983 2053 1004 2143 ἡ
1023 2064 1142 2142 ΑΒΔ,

123 2163 259 2250 κορυφή
282 2162 319 2230 δὲ
342 2161 379 2230 τό
404 2170 443 2248 Β,
467 2159 571 2249 ὀρθία
595 2162 632 2230 δὲ
655 2160 675 2249 ή
700 2168 777 2248 ΒΓ,
801 2165 839 2229 αί
859 2162 896 2230 δὲ
918 2162 1142 2250 καταγόμεναι

124 2265 190 2336 ἀπδ
223 2273 283 2356 τῆς
313 2273 417 2356 τομῆς
449 2269 502 2337 ἐπὶ
534 2265 596 2354 τήν
623 2276 691 2336 ΒΛ
723 2270 760 2336 ἐν
793 2273 832 2356 τῇ
866 2272 1008 2357 δοθείση
1037 2275 1142 2360 γωνία

71 2400 105 2449 20
125 2375 331 2464 δυνήσονται
371 2376 412 2443 τά
448 2373 537 2462 παρά
574 2373 636 2462 τήν
674 2382 741 2443 ΒΓ
772 2381 999 2463 παρακείμενα
1036 2376 1141 2463 πλάτη

123 2489 242 2570 έχοντα
270 2482 329 2564 τάς
357 2480 680 2569 ἀπολαμβανομένας
707 2479 764 2549 ὑπ’
791 2479 904 2549 αὐτῶν
932 2480 1018 2570 πρὸς
1045 2490 1092 2574 τῷ
1115 2491 1143 2550 Β

122 2588 376 2681 ὑπερβάλλοντα
413 2593 495 2657 εῖδει
533 2586 639 2678 ὁμοίῳ
676 2588 732 2655 καὶ
766 2586 889 2675 ὁμοίως
921 2590 1064 2681 κειμένῳ
1096 2595 1141 2682 τῷ

123 2693 189 2764 ὑπὸ
213 2702 282 2766 τῶν
304 2702 414 2764 ΑΒΓ.

191 2806 273 2870 ἔστω
301 2801 321 2888 ἡ
351 2806 493 2870 δοθεῖσα
521 2807 627 2890 γωνία
655 2800 820 2889 πρότερον
848 2800 953 2888 ὀρθή,
981 2802 1038 2870 καὶ
1067 2800 1141 2871 ἀνε-

72 2930 106 2978 25
127 2904 233 2973 στάτω
249 2904 314 2975 ἀπὸ
328 2912 387 2995 τῆς
396 2917 461 2976 ΑΒ
475 2912 634 2977 ἐπίπεδον
649 2906 758 2997 ὀρθὸν
772 2907 854 2996 πρὸς
868 2907 906 2976 τὸ
917 2906 1142 2996 ὑποκείμενον

124 3013 293 3098 ἐπίπεδον,
316 3020 370 3081 καλ
389 3016 426 3083 έν
446 3013 536 3110 αὐτῷ
556 3015 631 3102 περὶ
650 3014 712 3101 τήν
731 3023 796 3083 ΑΒ
814 3014 936 3094 κύκλος
954 3016 1141 3105 γεγράφθω

125 3114 143 3184 ὅ
168 3124 316 3205 ΑΕΒΖ,
341 3117 425 3188 ὥστε
448 3119 486 3189 τὸ
509 3126 620 3208 τμήμα
643 3126 701 3208 τῆς
726 3123 907 3209 διαμέτρου
929 3125 991 3188 τοῦ
1014 3121 1143 3192 κύκλου

123 3221 161 3290 τὸ
186 3226 222 3291 έν
245 3228 290 3314 τῷ
311 3233 411 3293 ΑΕΒ
430 3226 574 3314 τμήματι
592 3226 679 3314 πρὸς
695 3226 734 3295 τὸ
753 3231 863 3315 τμῆμα
882 3232 941 3314 τῆς
960 3230 1143 3318 διαμέτρου

197 3445 219 3494 1.
239 3436 300 3511 νδ]
318 3456 346 3508 p,
367 3455 420 3493 om.
436 3435 470 3491 V.
526 3442 550 3490 3.
569 3434 672 3511 ταύτά]
691 3441 782 3494 ταῦτα
801 3438 839 3506 V;
859 3455 928 3495 corr.
947 3457 975 3508 p.
1048 3449 1073 3497 4.
1095 3439 1142 3498 ἐπὶ

122 3514 173 3580 τῆς
204 3508 479 3584 προσεκβληθείσης]
523 3524 698 3578 superuacua
734 3510 903 3566 uidebantur
935 3510 1141 3572 commandino
