2446 3916
151 180 220 246 400
552 177 720 232 mm
737 171 777 245 ν’-

152 327 193 411 τῇ
217 318 429 409 ἀντικειμένη
453 306 555 406 τομῇ,
578 324 672 387 ἔσται
694 319 749 404 δέ,
771 319 817 398 ὡς
840 316 903 403 ὅλη
927 313 1015 404 πρὸς
1035 317 1098 405 τὴν
1118 343 1167 405 με·

153 427 236 511 ταξὺ
258 431 318 514 τῆς
339 430 443 513 τομῆς
465 427 520 493 καί
544 436 603 512 τῆς
626 422 683 493 διὰ
706 427 766 511 τῆς
788 421 880 511 ἁφῆς
901 421 1166 513 παραλλήλον,ἡ

155 532 272 622 μεταξὶ
294 539 353 620 τῆς
371 530 602 618 ἀντικειμένης
619 531 674 600 καὶ
693 535 751 618 τῆς
769 527 995 618 ἆσυμπτώτον
1014 530 1097 619 πρὸς
1113 531 1167 619 τὴν

155 639 277 729 μεταξὺ
300 645 359 727 τῆς
381 638 605 727 ἆσνμπτωτοο
627 639 766 725 καὶτῆς
788 637 903 726 ἑτέρας
924 642 1039 726 τομῆς.

119 767 136 816 ο
223 753 373 816 ἔστωσαν
396 743 624 831 ἄντικείμεναι
647 748 685 811 αί
705 754 748 830 A,
766 751 811 831 Β,
838 736 888 813 ὧν
910 746 1055 831 κέντρον
1078 743 1116 814 τὸ
1136 750 1168 831 Γ,

156 853 371 941 ἆσύμπτωτοι
395 853 432 920 δέ
456 855 494 919 αί
509 859 589 938 ΔΕ,
609 858 689 937 ΖΗ,
712 851 768 918 καὶ
792 850 846 919 ἐπὶ
868 856 928 938 τῆς
946 858 1022 920 ΓΗ
1040 864 1169 939 σημεῖον

74 1006 78 1014 ·
156 959 310 1048 εἰλήφθω
334 957 371 1027 τὸ
391 966 437 1044 Η,
460 959 517 1026 καὶ
540 955 597 1026 ἄπ’
620 951 726 1026 αὐτοῦ
748 954 845 1045 ἤχθω
868 953 889 1044 ἡ
914 957 977 1044 μέν
996 964 1101 1026 ΗΒΕ
1122 959 1170 1044 ἐμ

156 1067 342 1154 απτομένη,
370 1063 391 1152 ἡ
422 1064 459 1132 δέ
485 1072 556 1133 ΗΘ
583 1063 664 1151 μήτε
691 1063 905 1152 παράλληλος
933 1055 1021 1132 οὖσα
1047 1069 1089 1154 τῇ
1117 1069 1171 1132 ΓΒ

157 1174 239 1261 μήτε
262 1171 324 1260 τὴν
347 1171 454 1258 τομὴν
477 1171 648 1258 τέμνουσα
670 1168 754 1239 κατὰ
777 1169 840 1239 δύο
867 1185 998 1257 σημεῖα.

105 1298 139 1346 10
226 1277 363 1365 ὅτιμὲν
390 1274 411 1364 ἡ
438 1283 509 1345 ΘΗ
535 1277 761 1364 ἐκβαλλομένη
791 1281 969 1364 συμπίπτει
996 1287 1037 1366 τῇ
1061 1302 1097 1345 τε
1120 1281 1172 1344 ΓΔ

157 1386 213 1453 καὶ
238 1385 294 1452 διὰ
318 1388 418 1452 τοῦτο
442 1384 498 1451 καὶ
520 1387 561 1472 τῇ
580 1392 613 1451 A
634 1387 731 1472 τομῇ,
756 1384 931 1452 δέδεικται.
968 1385 1171 1471 συμπιπτέτω

158 1489 242 1560 κατὰ
265 1489 304 1560 τὸ
327 1499 375 1577 A,
398 1492 454 1559 καὶ
477 1492 573 1579 ἤχθω
597 1489 654 1558 διὰ
676 1494 738 1558 τοῦ
762 1497 790 1557 Β
814 1493 854 1579 τῇ
877 1496 950 1558 ΓΗ
969 1490 1172 1578 παράλληλος

158 1596 312 1685 ἡΚΒΛ.
348 1600 447 1684 λέγω,
471 1593 523 1664 ὅτι
542 1598 644 1683 ἐστίν,
669 1594 714 1676 ὡς
736 1597 757 1684 ἡ
776 1604 848 1664 AK
869 1595 953 1686 πρὸς
972 1603 1051 1683 ΚΘ,
1076 1593 1172 1674 οὕτως

160 1703 483 1794 ἡΑΗπμςΗο
968 1765 976 1782 ,

108 1828 141 1877 15
227 1810 390 1898 ἤχθωσαν
418 1808 483 1897 γὰρ
511 1808 577 1878 ἀπὸ
605 1814 675 1878 τῶν
697 1819 745 1896 A,
769 1818 797 1879 Θ
824 1814 973 1897 σημείων
1002 1808 1094 1897 παρὰ
1119 1806 1171 1895 τὴν

159 1923 232 1985 ΓΗ
250 1919 287 1982 αί
304 1921 388 2001 ΘΜ,
408 1922 490 2000 AN,
514 1912 579 1982 ἀπὸ
601 1915 639 1982 δὲ
656 1919 725 1983 τῶν
745 1923 784 2002 Β,
803 1922 849 2001 H,
868 1923 897 1983 Θ
920 1917 1012 2005 παρὰ
1030 1915 1094 2004 τὴν
1113 1920 1174 1983 ΑΒ

160 2026 197 2088 αἱ
219 2025 290 2105 ΒΞ,
309 2028 393 2106 ΗΠ,
417 2025 568 2088 ΡΘΣΝ.
616 2023 686 2088 ἐπεὶ
709 2014 772 2089 οὖν
801 2030 856 2108 ίση
888 2020 1023 2108 έστὶνὴ
1051 2031 1119 2090 ΑΛ
1139 2023 1171 2109 τῇ

160 2135 238 2213 ΗΘ,
262 2132 365 2211 ἔστιν,
384 2124 428 2205 ὡς
447 2123 467 2211 ἡ
487 2134 565 2193 ΑΗ
578 2126 661 2212 πρὸς
675 2134 754 2213 ΗΘ,
778 2124 880 2214 ἡΔΘ
897 2127 981 2214 πρὸς
996 2136 1074 2196 ΘΗ.
1106 2123 1169 2196 ἄλλ’

161 2232 205 2313 ὡς
228 2233 290 2320 μὲν
314 2229 334 2318 ἡ
358 2239 435 2301 ΑΗ
453 2230 537 2319 πρὸς
560 2240 646 2318 ΗΘ,
673 2231 693 2319 ἡ
718 2240 794 2300 ΝΣ
814 2232 897 2321 πρὸς
920 2242 1002 2320 ΣΘ,
1030 2233 1079 2315 ὡς
1101 2229 1174 2317 δέη

107 2358 142 2404 20
164 2350 230 2410 ΛΘ
253 2344 335 2428 πρὸς
358 2347 441 2426 ΘΗ,
470 2338 490 2425 ἡ
515 2346 583 2407 ΓΣ
602 2343 685 2428 πρὸς
708 2347 791 2407 ΣΗ·
830 2342 886 2408 καὶ
910 2341 953 2420 ὡς
977 2340 1044 2428 ἄρα
1068 2342 1088 2427 ἡ
1112 2346 1176 2408 ΝΣ

161 2453 244 2535 πρὸς
267 2456 342 2534 ΣΘ,
368 2445 388 2532 ἡ
410 2454 478 2514 ΓΣ
498 2453 581 2533 πρὸς
599 2454 680 2514 ΣΗ.
718 2444 790 2514 ἀλλ’
814 2444 858 2527 ὡς
877 2447 939 2534 μὲν
962 2445 983 2533 ἡ
1008 2455 1085 2514 ΝΣ
1104 2450 1176 2535 πρὸς

162 2564 239 2640 Σο,
263 2559 299 2623 ω
319 2560 391 2622 NF
409 2552 493 2641 πρὸς
511 2561 583 2638 Γο,
608 2551 652 2633 ὡς
676 2553 713 2620 οε
733 2552 753 2638 ἡ
772 2561 840 2620 ΓΣ
860 2554 943 2639 πρὸς
962 2558 1046 2640 ΣΗ,
1070 2553 1106 2622 τὸ
1125 2556 1179 2620 Pr

162 2663 245 2747 πρὸς
269 2668 348 2727 ΡΗ·
385 2661 440 2727 καὶ
469 2657 514 2739 ὡς
542 2657 668 2747 ἄρατὸ
693 2665 767 2728 ΝΓ
788 2660 872 2748 πρὸς
894 2659 933 2728 τὸ
956 2667 1033 2745 ΓΘ,
1064 2659 1102 2729 τὸ
1125 2665 1180 2727 ΓΡ

162 2766 245 2852 πρὸς
267 2766 305 2835 τὸ
326 2773 400 2834 ΡΗ.
436 2768 492 2833 καὶ
516 2764 560 2844 ὡς
584 2769 622 2833 ἓν
645 2765 729 2853 πρὸς
752 2769 800 2851 ἕν,
826 2767 932 2846 οὕτως
950 2764 1085 2835 ἅπαντα
1103 2765 1178 2854 πρὸς

107 2887 143 2934 25
163 2874 307 2939 ἅπαντα·
331 2869 377 2950 ὡς
400 2871 464 2959 ἄρα
488 2871 525 2940 τὸ
550 2878 623 2939 ΝΓ
640 2871 723 2959 πρὸς
747 2879 819 2958 ΓΘ,
839 2871 921 2940 ὅλον
944 2871 982 2940 τὸ
1006 2879 1080 2940 ΝΛ
1103 2871 1180 2959 πρὸς

163 2985 225 3045 ΓΘ
251 2977 306 3043 καὶ
331 2983 405 3043 ΡΗ.
451 2979 506 3045 καὶ
531 2979 600 3046 ἐπεὶ
625 2987 680 3063 ίση
705 2979 795 3045 ἐστὶν
820 2976 840 3065 ἡ
866 2986 928 3045 ΕΒ
952 2983 991 3067 τῇ
1015 2986 1101 3064 ΒΗ,
1130 2988 1180 3062 ἴση

163 3083 232 3152 ἐστὶ
255 3082 311 3149 καί
336 3080 356 3169 ἡ
377 3091 441 3150 ΛΒ
465 3089 505 3172 τῇ
525 3092 600 3152 ΒΠ
618 3085 673 3152 καί
692 3083 729 3153 τὸ
746 3088 812 3162 ΛΞ
831 3089 877 3177 τῷ
892 3092 969 3152 ΒΗ.
1007 3083 1045 3152 τὸ
1067 3084 1104 3152 δέ
1123 3085 1184 3161 ΛΞ

164 3198 240 3256 ίσον
259 3193 305 3280 τῷ
325 3196 399 3256 ΓΘ·
423 3193 476 3258 καὶ
498 3192 536 3259 τὸ
556 3198 627 3259 ΒΗ
644 3190 708 3278 ἅμα
729 3201 806 3259 ίσον
820 3195 870 3282 ιτῷ
889 3197 959 3259 ΓΘ.
998 3196 1090 3260 ἔστιν
1110 3189 1183 3280 ἄρα,

164 3293 208 3374 ὡς
230 3294 268 3363 τὸ
288 3303 360 3366 ΝΓ
378 3295 461 3382 πρὸς
480 3304 552 3383 ΓΘ,
577 3297 684 3377 οὕτως
704 3297 785 3365 ὅλον
804 3297 842 3364 τὸ
862 3304 938 3364 ΛΝ
956 3297 1043 3385 πρὸς
1061 3295 1099 3366 τὸ
1120 3301 1187 3365 ΒΗ

236 3462 259 3511 1,
279 3452 297 3524 ἡ
317 3454 385 3523 ὅληῗ
459 3464 483 3511 2.
503 3453 596 3530 ἁφῆς]
617 3476 671 3512 om.
687 3459 724 3524 V;
745 3476 815 3513 corr.
834 3458 951 3511 Memus.
1026 3462 1069 3512 13.
1090 3458 1184 3527 ΚΒΑ]

159 3532 244 3585 ΒΚΛ
264 3527 301 3597 V,
328 3543 397 3583 corr.
416 3546 434 3600 p
455 3530 572 3599 (ΑΒΚ).
649 3537 689 3584 17.
710 3530 845 3600 ΡΘΣΝ]
867 3531 988 3583 ΘΡΣΝ
1004 3528 1043 3597 V3
1070 3545 1140 3584 corr.
1159 3547 1185 3597 p.
