2446 3916
167 164 236 229 430
568 159 793 234 ΚΩΝΙΚΩΝνῖ

167 304 253 394 πρὸς
267 312 343 374 ΕΓ·
369 302 449 389 ὅπερ
470 302 606 372 ἄτοπον.
644 301 707 372 ούκ
724 301 791 390 ἄρα
811 300 908 391 ἡΘΛ
929 267 1083 385 κύθεπύς
1100 307 1192 392 ἐστιν,

170 408 252 480 οὐδὲ
275 409 358 497 ἄλλη
382 439 432 490 τις
454 409 542 496 πλὴν
565 414 623 496 τῆς
646 417 718 478 ΘΒ.

648 648 716 708 μη·

241 752 318 814 Τῶν
341 746 453 814 αὐτῶν
478 746 588 813 ὄντων
613 745 773 831 δεικτέον,
797 743 848 814 ὅτι
863 741 910 813 ἀί
929 743 997 815 ἀπὸ
1022 750 1084 834 τῆς
1105 745 1186 834 ἁφῆς

135 875 151 924 5
172 853 225 920 ἐπὶ
243 850 283 920 τὰ
304 854 339 919 ἐκ
356 854 417 938 τῆς
434 857 627 938 παραβολῆς
644 850 806 938 γινόμενα
821 866 942 939 σημεῖα
962 861 1039 933 ίσας
1057 865 1184 921 ποιοῦσι

168 963 295 1045 γωνίας
317 955 400 1044 πρὸς
422 960 463 1045 τῇ
487 959 711 1045 ἐφαπτομένη.

236 1061 429 1131 ὑποκείσθω
466 1061 531 1149 γὰρ
567 1061 609 1131 τὰ
642 1061 740 1148 αύτύ,
777 1063 834 1130 καὶ
867 1062 1124 1151 ἐπεζεύχθωσαν
1152 1068 1184 1132 αί

169 1177 248 1255 ΕΖ,
271 1175 349 1236 ΒΗ.
398 1171 500 1255 λέγω,
529 1166 581 1237 ὅτι
610 1177 665 1256 ίση
695 1169 785 1237 ἐστὶν
813 1166 834 1255 ἡ
862 1166 928 1236 ὑπὸ
957 1156 1055 1238 ΓΕΖ
1082 1177 1180 1258 γωνία

167 1280 208 1364 τῇ
230 1272 297 1343 ὑπὸ
321 1282 438 1344 ΗΒΔ.

119 1405 150 1453 10
237 1382 307 1450 ἐπεὶ
325 1383 390 1469 γὰρ
415 1379 521 1470 ὀρθαί
537 1386 623 1449 εἰσιν
647 1385 685 1448 αἱ
705 1379 771 1450 ὑπὸ
796 1388 912 1470 ΛΗΘ,
929 1389 1033 1451 ΔΕΘ
1057 1389 1180 1469 γωνίαι,

169 1485 187 1555 ὁ
216 1489 292 1576 περὶ
320 1486 502 1575 διάμετρον
533 1490 596 1573 την
624 1495 691 1555 ΔΘ
723 1487 935 1575 γραφόμενος
968 1487 1091 1569 κύκλος
1117 1490 1180 1576 ἥξει

169 1597 226 1661 διὰ
249 1598 319 1662 τῶν
338 1601 379 1680 Ε,
398 1599 437 1659 Η
458 1599 618 1680 σημείων·
649 1594 733 1662 ὥστε
757 1602 813 1680 ίση
837 1598 928 1661 ἔσται
951 1591 975 1680 ἡ
995 1592 1063 1664 ὑπὸ
1082 1601 1184 1662 ΔΘΗ

167 1703 207 1787 τῇ
231 1697 297 1767 ύπὸ
322 1708 442 1767 ΔΕΗ·
472 1703 509 1767 ἐν
532 1699 666 1792 γὰρτῷ
691 1698 781 1792 αύτῷ
803 1699 956 1787 τμήματι.
998 1699 1121 1788 ὁμοίως
1143 1705 1179 1787 δη

167 1807 223 1873 καὶ
246 1802 267 1893 ἡ
291 1803 357 1874 ὑπὸ
381 1812 478 1873 ΓΕΖ
505 1811 545 1894 τῇ
569 1802 635 1874 ὑπὸ
660 1811 754 1874 ΓΘΖ
783 1807 874 1874 ἐστιν
902 1813 969 1892 ἴση.
1015 1805 1037 1894 ἡ
1063 1808 1099 1876 δὲ
1120 1806 1179 1875 ὑπὸ

115 1936 148 1984 15
169 1918 264 1978 ΓΘΖ
291 1916 331 2000 τῇ
355 1909 421 1979 ὑπὸ
446 1917 557 1978 ΔΘΗ
582 1910 650 1998 ἴση·
687 1910 769 1979 κατὰ
792 1915 946 1999 κορυφὴν
970 1912 1051 2002 γάρ·
1088 1911 1180 1999 καὶὴ

169 2014 234 2083 ὑπὸ
258 2023 355 2083 ΓΕΖ
378 2015 444 2104 ἄρα
468 2021 507 2106 τῇ
531 2015 595 2084 ὑπὸ
621 2025 733 2085 ΔΕΗ
752 2019 842 2085 ἐστιν
866 2026 930 2104 ἴση.
1020 2093 1023 2098 ,

640 2228 712 2317 μθ’.

238 2359 314 2421 Τῶν
342 2351 455 2421 αὐτῶν
485 2355 595 2421 ὄντων
628 2356 689 2421 ἐὰν
721 2350 785 2420 ύπό
813 2380 905 2433 τινος
936 2358 1004 2421 τῶν
1039 2362 1181 2442 σημείων

166 2458 309 2539 κάθετος
333 2457 424 2548 ἄχθη
450 2460 502 2526 ἐπὶ
520 2458 582 2545 τὴν
602 2461 847 2547 ἐφαπτομένην,
872 2463 911 2526 αί
926 2456 991 2526 ἀπὸ
1010 2473 1073 2528 τοῦ
1092 2489 1182 2548 γενο-

111 2591 146 2639 20
167 2568 271 2653 μένου
290 2573 431 2653 σημείου
452 2567 504 2634 ε’πλ
518 2568 558 2632 τὰ
574 2567 699 2652 πέρατα
713 2571 774 2634 τοῦ
788 2566 909 2647 ἄξονος
923 2564 1037 2653 ὀρθην
1051 2572 1182 2636 ποιοῦσι

165 2679 303 2758 γωνίαν.
963 2760 965 2763 ¹

231 2786 425 2847 υποκείσθω
449 2782 514 2868 γὰρ
538 2778 578 2846 τὰ
602 2777 703 2865 αὐτοί,
730 2780 786 2846 καὶ
809 2777 874 2847 ἀπὸ
897 2783 958 2847 τοῦ
982 2785 1021 2845 Η
1045 2781 1099 2847 ἐπὶ
1123 2780 1182 2867 την

166 2892 227 2951 ΓΔ
241 2885 383 2965 κάθετος
397 2887 494 2973 ἤχθω
510 2883 529 2972 ἡ
544 2891 622 2971 ΗΘ,
637 2886 693 2952 καὶ
708 2885 960 2972 ἐπεζεύχθωσαν
977 2889 1015 2953 αί
1027 2895 1059 2952 Α
1064 2894 1104 2972 Θ,
1115 2893 1182 2953 ΒΘ.

164 2991 261 3077 λέγω,
285 2991 337 3058 ὅτι
360 2990 381 3078 ἡ
405 2989 471 3060 ὑπὸ
495 3000 593 3059 ΑΘΒ
617 2998 724 3079 γωνία
749 2991 838 3081 ὀρθή
863 2993 962 3060 ἐστιν.

110 3123 144 3172 25
232 3098 301 3164 ἐπεὶ
324 3097 388 3184 γὰρ
414 3099 502 3187 ὀρθὴ
527 3097 547 3186 η
571 3096 636 3167 ὑπὸ
662 3106 773 3166 ΔΒΗ
796 3098 851 3166 καὶ
878 3095 899 3184 ἡ
922 3096 988 3165 ὑπὸ
1011 3106 1137 3185 ΑΘΗ,
1166 3096 1181 3165 ὃ

166 3203 242 3292 περὶ
266 3205 447 3292 διάμετρον
470 3204 532 3291 τὴν
555 3212 632 3273 ΔΗ
650 3204 864 3294 γραφόμενος
886 3205 1008 3284 κύκλος
1032 3205 1104 3290 ἥξει
1130 3203 1182 3272 διὰ

235 3443 261 3493 4.
281 3433 328 3507 αἱ]
348 3452 401 3490 om.
418 3436 456 3503 V;
477 3453 546 3491 corr.
564 3456 591 3506 p.
648 3443 688 3491 19.
709 3433 879 3510 γενομένου]
899 3417 1050 3505 γινομένου
1069 3433 1180 3505 Halley.

200 3514 242 3563 24.
263 3509 360 3580 ΑΘΒ]
380 3510 462 3561 ΑΒΘ
480 3507 517 3577 V3
539 3525 608 3563 corr.
628 3527 654 3577 p.
