2438 3892
411 174 626 227 oomcoaum
642 175 751 226 amaa
768 176 790 229 1.
1070 174 1114 238 25

99 338 192 382 axem
209 317 310 400 positi
324 320 381 381 aut
395 317 435 383 ad
450 317 585 383 eandem
600 316 793 401 productam
806 317 1113 401 perpendicularem,

97 427 205 488 rectae
227 446 246 487 a
265 425 405 489 sectione
424 424 459 488 in
478 423 646 509 superficie
666 424 738 488 coni
757 427 838 507 orta,
861 445 960 507 quam
978 424 1113 509 planum

99 552 212 595 secans
236 529 351 612 effecit,
372 531 548 614 parallelae
568 529 683 594 ductae
701 533 810 594 rectae
830 529 871 593 ad
890 529 997 595 basim
1015 530 1115 595 triari-

99 637 168 721 guli
201 636 456 720 perpendiculari
490 636 606 701 cadent
636 637 672 700 in
703 657 907 701 communem
939 638 1111 702 sectionem

98 742 189 826 plani
212 742 350 808 secantis
368 742 592 827 triangulique
610 763 669 825 per
688 763 780 806 axem
799 742 902 826 positi
921 745 955 806 et
974 743 1013 806 ad
1033 743 1115 806 alte-

98 871 169 914 ram
187 852 313 932 partem
333 849 484 914 sectionis
505 849 682 933 productae
701 849 736 912 in
754 848 847 913 binas
866 853 977 932 partes
997 871 1115 933 aequa-

97 956 145 1020 les
169 956 210 1020 ab
234 977 271 1020 ea
295 956 498 1039 secabuntur,
521 958 555 1021 et
578 956 607 1020 si
629 977 729 1020 conus
752 957 860 1020 rectus
884 958 943 1039 est,
966 958 1055 1020 rocta
1078 955 1114 1020 in

97 1062 170 1127 basi
192 1063 301 1146 posits
323 1062 598 1146 perpendicularis
622 1063 685 1127 erit
708 1063 748 1126 ad
772 1083 977 1127 communem
999 1062 1114 1127 sectio·

97 1191 173 1233 nem
200 1168 292 1252 plani
320 1169 460 1232 secantis
482 1168 703 1252 triangulique
725 1190 784 1252 per
806 1189 899 1233 axem
921 1168 1036 1252 positi,
1064 1170 1114 1234 sin

99 1274 251 1358 obliquus
275 1277 422 1357 estnon
446 1295 573 1358 semper
595 1275 870 1358 perpendicularis
895 1275 965 1357 erit,
989 1275 1115 1340 sedita

99 1383 244 1466 tantum,
272 1381 300 1445 si
327 1381 462 1465 planum
489 1402 547 1464 per
575 1402 668 1446 axem
691 1380 822 1444 ductum
847 1381 887 1445 ad
910 1381 1017 1446 basim
1042 1382 1116 1446 coni

98 1488 364 1572 perpendiculare
388 1491 446 1552 est.

168 1595 212 1659 sit
231 1607 342 1676 conus,
361 1594 452 1660 cuius
471 1597 584 1658 uertex
603 1594 646 1658 sit
662 1593 695 1658 A
712 1597 877 1677 punctum,
898 1593 987 1657 basis
1007 1595 1115 1658 autem

99 1704 165 1766 ΒΓ
182 1700 329 1781 circulus,
353 1704 386 1765 et
403 1700 502 1784 plano
522 1721 580 1784 per
600 1721 693 1764 axem
712 1703 848 1783 secetur,
871 1702 905 1762 00
923 1699 985 1763 1100
1004 1700 1117 1763 sectio·

99 1831 174 1874 nem
206 1808 308 1873 faciat
338 1807 537 1891 triangulum
566 1808 672 1871 ΑΒΓ.
723 1809 850 1870 secetur
881 1809 991 1871 autem
1019 1806 1116 1870 etiam

741 1911 805 1976 alio
820 1912 930 1996 plano,
949 1911 1034 1995 quod
1048 1913 1116 1995 pla·

738 2040 826 2103 num,
846 2019 880 2082 in
904 2041 967 2103 quo
987 2021 1038 2082 est
1056 2017 1117 2082 cir-

739 2125 830 2189 culus
845 2127 919 2208 BF,
941 2124 1117 2189 secundum

738 2235 861 2296 rectam
872 2237 905 2295 A
912 2235 944 2295 E
957 2235 1045 2296 secat
1060 2234 1118 2296 aut

739 2335 1116 2402 adBPautadeandem

739 2443 932 2528 productam
946 2440 1117 2525 perpendi·

683 2565 711 2617 Δ
740 2549 897 2631 cularem,
931 2551 964 2611 00
994 2547 1056 2611 hoo
1084 2547 1118 2610 in

654 2700 686 2750 H
741 2653 909 2737 superficie
921 2653 994 2717 coni
1003 2653 1118 2717 sectio·

740 2780 815 2823 nem
848 2758 970 2824 efficiat
1003 2762 1118 2844 AZE3

780 2867 959 2930 communis
983 2865 1085 2950 igitur

102 2974 203 3039 sectio
232 2975 323 3057 plani
349 2973 489 3039 secantis
518 2973 738 3059 triangulique
761 2975 864 3036 ΑΒΓ
887 2976 938 3036 est
960 2976 1036 3040 ZH.
1086 2976 1119 3037 00

102 3087 252 3146 sumatur
274 3082 308 3143 in
331 3081 472 3145 sectione
498 3080 601 3144 ΔΖΕ
622 3082 778 3164 punctum
802 3078 932 3162 aliquod
958 3081 999 3162 Θ,
1022 3079 1118 3144 duea-

100 3192 218 3271 turque
245 3208 304 3269 per
331 3190 359 3249 Θ
390 3190 497 3251 rectae
526 3190 597 3252 ΔΕ
625 3186 782 3270 parallela
808 3188 883 3250 ΘΚ.
934 3184 1020 3270 dico,
1051 3189 1120 3250 ΘΚ

101 3315 176 3359 cum
189 3296 278 3356 recta
294 3294 365 3355 ΖΗ
375 3313 564 3357 concurrere
580 3293 665 3358 etad
680 3292 815 3357 alteram
829 3294 955 3375 partem
970 3291 1118 3356 sectionis

102 3402 206 3464 ΔΖΕ
227 3398 420 3483 productam
444 3419 463 3461 a
485 3402 575 3463 recta
595 3402 667 3462 ΖΗ
685 3398 720 3461 in
741 3396 820 3462 duas
840 3399 948 3480 partes
968 3403 1118 3481 aequales

102 3513 213 3574 secari.
