<?xml version="1.0" encoding="UTF-8"?>
<!DOCTYPE html PUBLIC "-//W3C//DTD XHTML 1.0 Transitional//EN"
    "http://www.w3.org/TR/xhtml1/DTD/xhtml1-transitional.dtd">
<html xmlns="http://www.w3.org/1999/xhtml" xml:lang="en" lang="en">
 <head>
  <title>
</title>
<meta http-equiv="Content-Type" content="text/html;charset=utf-8" />
  <meta name='ocr-system' content='tesseract 3.04.00' />
  <meta name='ocr-capabilities' content='ocr_page ocr_carea ocr_par ocr_line ocrx_word'/>
</head>
<body>
  <div class='ocr_page' id='page_1' title='image "./apolloniipergae00apolgoog_0047.png"; bbox 0 0 2438 3892; ppageno 0'>
   <div class='ocr_carea' id='block_1_1' title="bbox 416 162 1113 226">
    <p class='ocr_par' dir='ltr' id='par_1_1' title="bbox 416 162 1113 226">
     <span class='ocr_line' id='line_1_1' title="bbox 416 162 1113 226; baseline -0.001 -9"><span class='ocrx_word' id='word_1_1' title='bbox 416 164 631 218; x_wconf 81' lang='lat' dir='ltr'><strong>CONIOORUM</strong></span> <span class='ocrx_word' id='word_1_2' title='bbox 648 166 758 217; x_wconf 83' lang='lat' dir='ltr'><strong>LIBER</strong></span> <span class='ocrx_word' id='word_1_3' title='bbox 775 167 797 217; x_wconf 93' lang='lat'>1.</span> <span class='ocrx_word' id='word_1_4' title='bbox 1071 162 1113 226; x_wconf 78' lang='grc'>27</span> 
     </span>
    </p>
   </div>
   <div class='ocr_carea' id='block_1_2' title="bbox 95 308 1120 3260">
    <p class='ocr_par' dir='ltr' id='par_1_2' title="bbox 95 308 1117 1984">
     <span class='ocr_line' id='line_1_2' title="bbox 161 308 1114 392; baseline 0.001 -21"><span class='ocrx_word' id='word_1_5' title='bbox 161 330 239 372; x_wconf 91' lang='lat' dir='ltr'>nam</span> <span class='ocrx_word' id='word_1_6' title='bbox 263 309 418 392; x_wconf 92' lang='lat' dir='ltr'>quoniam</span> <span class='ocrx_word' id='word_1_7' title='bbox 441 328 550 391; x_wconf 86' lang='lat' dir='ltr'>conus,</span> <span class='ocrx_word' id='word_1_8' title='bbox 574 308 664 371; x_wconf 91' lang='lat' dir='ltr'>cuius</span> <span class='ocrx_word' id='word_1_9' title='bbox 687 312 802 373; x_wconf 86' lang='lat' dir='ltr'>uertex</span> <span class='ocrx_word' id='word_1_10' title='bbox 826 311 876 372; x_wconf 87' lang='lat' dir='ltr'>est</span> <span class='ocrx_word' id='word_1_11' title='bbox 894 313 927 371; x_wconf 93' lang='lat' dir='ltr'><em>A</em></span> <span class='ocrx_word' id='word_1_12' title='bbox 949 311 1114 391; x_wconf 84' lang='lat' dir='ltr'>punctum,</span> 
     </span>
     <span class='ocr_line' id='line_1_3' title="bbox 98 415 1115 498; baseline 0 -20"><span class='ocrx_word' id='word_1_13' title='bbox 98 415 186 478; x_wconf 90' lang='lat' dir='ltr'>basis</span> <span class='ocrx_word' id='word_1_14' title='bbox 219 417 328 478; x_wconf 85' lang='lat' dir='ltr'>autem</span> <span class='ocrx_word' id='word_1_15' title='bbox 360 415 498 479; x_wconf 91' lang='lat' dir='ltr'>circulus</span> <span class='ocrx_word' id='word_1_16' title='bbox 526 416 602 498; x_wconf 89' lang='grc' dir='ltr'>ΒΓ,</span> <span class='ocrx_word' id='word_1_17' title='bbox 632 415 731 497; x_wconf 91' lang='lat' dir='ltr'>plano</span> <span class='ocrx_word' id='word_1_18' title='bbox 761 435 820 497; x_wconf 90' lang='lat' dir='ltr'>per</span> <span class='ocrx_word' id='word_1_19' title='bbox 852 435 946 478; x_wconf 83' lang='lat' dir='ltr'>axem</span> <span class='ocrx_word' id='word_1_20' title='bbox 980 417 1115 497; x_wconf 77' lang='lat' dir='ltr'>secatur,</span> 
     </span>
     <span class='ocr_line' id='line_1_4' title="bbox 97 520 1115 604; baseline -0.002 -19"><span class='ocrx_word' id='word_1_21' title='bbox 97 523 130 584; x_wconf 93' lang='lat' dir='ltr'>et</span> <span class='ocrx_word' id='word_1_22' title='bbox 157 521 220 585; x_wconf 90' lang='lat' dir='ltr'>hoc</span> <span class='ocrx_word' id='word_1_23' title='bbox 248 521 424 585; x_wconf 70' lang='lat' dir='ltr'>sectionem</span> <span class='ocrx_word' id='word_1_24' title='bbox 452 520 553 584; x_wconf 86' lang='lat' dir='ltr'>efficit</span> <span class='ocrx_word' id='word_1_25' title='bbox 581 520 783 604; x_wconf 84' lang='lat' dir='ltr'>triangulum</span> <span class='ocrx_word' id='word_1_26' title='bbox 806 523 918 603; x_wconf 87' lang='grc' dir='ltr'><strong><em>ΑΒΓ,</em></strong></span> <span class='ocrx_word' id='word_1_27' title='bbox 947 520 981 584; x_wconf 97' lang='lat' dir='ltr'>in</span> <span class='ocrx_word' id='word_1_28' title='bbox 1006 540 1115 602; x_wconf 90' lang='lat' dir='ltr'>super-</span> 
     </span>
     <span class='ocr_line' id='line_1_5' title="bbox 97 626 1116 711; baseline 0.001 -22"><span class='ocrx_word' id='word_1_29' title='bbox 97 626 169 690; x_wconf 88' lang='lat' dir='ltr'>ficie</span> <span class='ocrx_word' id='word_1_30' title='bbox 198 630 306 691; x_wconf 84' lang='lat' dir='ltr'>autem</span> <span class='ocrx_word' id='word_1_31' title='bbox 335 630 499 711; x_wconf 89' lang='lat' dir='ltr'>sumptum</span> <span class='ocrx_word' id='word_1_32' title='bbox 524 631 574 691; x_wconf 90' lang='lat' dir='ltr'>est</span> <span class='ocrx_word' id='word_1_33' title='bbox 596 631 754 710; x_wconf 88' lang='lat' dir='ltr'>punctum</span> <span class='ocrx_word' id='word_1_34' title='bbox 778 631 819 709; x_wconf 81' lang='grc' dir='ltr'>Θ,</span> <span class='ocrx_word' id='word_1_35' title='bbox 849 627 935 710; x_wconf 91' lang='lat' dir='ltr'>quod</span> <span class='ocrx_word' id='word_1_36' title='bbox 957 627 992 690; x_wconf 93' lang='lat' dir='ltr'>in</span> <span class='ocrx_word' id='word_1_37' title='bbox 1014 626 1116 690; x_wconf 84' lang='lat' dir='ltr'>latere</span> 
     </span>
     <span class='ocr_line' id='line_1_6' title="bbox 97 732 1115 818; baseline -0.001 -22"><span class='ocrx_word' id='word_1_38' title='bbox 97 733 256 818; x_wconf 79' lang='lat' dir='ltr'>trianguli</span> <span class='ocrx_word' id='word_1_39' title='bbox 275 735 378 797; x_wconf 92' lang='grc' dir='ltr'>ΑΒΓ</span> <span class='ocrx_word' id='word_1_40' title='bbox 391 755 458 798; x_wconf 90' lang='lat' dir='ltr'>non</span> <span class='ocrx_word' id='word_1_41' title='bbox 479 737 539 817; x_wconf 85' lang='lat' dir='ltr'>est,</span> <span class='ocrx_word' id='word_1_42' title='bbox 559 736 592 798; x_wconf 93' lang='lat' dir='ltr'>et</span> <span class='ocrx_word' id='word_1_43' title='bbox 612 736 689 797; x_wconf 87' lang='grc' dir='ltr'>ΛΗ</span> <span class='ocrx_word' id='word_1_44' title='bbox 703 733 744 798; x_wconf 87' lang='lat' dir='ltr'>ad</span> <span class='ocrx_word' id='word_1_45' title='bbox 758 737 826 798; x_wconf 88' lang='grc' dir='ltr'>ΒΓ</span> <span class='ocrx_word' id='word_1_46' title='bbox 839 732 1115 817; x_wconf 79' lang='lat' dir='ltr'>perpendicularis</span> 
     </span>
     <span class='ocr_line' id='line_1_7' title="bbox 98 839 1116 925; baseline -0.001 -23"><span class='ocrx_word' id='word_1_47' title='bbox 98 842 161 923; x_wconf 84' lang='lat' dir='ltr'>est,</span> <span class='ocrx_word' id='word_1_48' title='bbox 187 843 277 905; x_wconf 88' lang='lat' dir='ltr'>recta</span> <span class='ocrx_word' id='word_1_49' title='bbox 303 862 362 925; x_wconf 92' lang='lat' dir='ltr'>per</span> <span class='ocrx_word' id='word_1_50' title='bbox 385 845 413 905; x_wconf 79' lang='grc' dir='ltr'>Θ</span> <span class='ocrx_word' id='word_1_51' title='bbox 436 844 542 905; x_wconf 84' lang='lat' dir='ltr'>rectae</span> <span class='ocrx_word' id='word_1_52' title='bbox 568 844 644 903; x_wconf 86' lang='grc' dir='ltr'>ΛΗ</span> <span class='ocrx_word' id='word_1_53' title='bbox 663 840 818 925; x_wconf 89' lang='lat' dir='ltr'>parallela</span> <span class='ocrx_word' id='word_1_54' title='bbox 840 839 951 922; x_wconf 89' lang='lat' dir='ltr'>ducta,</span> <span class='ocrx_word' id='word_1_55' title='bbox 980 839 1041 903; x_wconf 91' lang='lat' dir='ltr'>hoc</span> <span class='ocrx_word' id='word_1_56' title='bbox 1066 841 1116 902; x_wconf 91' lang='lat' dir='ltr'>est</span> 
     </span>
     <span class='ocr_line' id='line_1_8' title="bbox 97 944 1114 1032; baseline -0.003 -22"><span class='ocrx_word' id='word_1_57' title='bbox 97 948 174 1029; x_wconf 80' lang='grc' dir='ltr'>ΘΚ,</span> <span class='ocrx_word' id='word_1_58' title='bbox 206 969 279 1012; x_wconf 89' lang='lat' dir='ltr'>cum</span> <span class='ocrx_word' id='word_1_59' title='bbox 311 947 477 1032; x_wconf 86' lang='lat' dir='ltr'>triangulo</span> <span class='ocrx_word' id='word_1_60' title='bbox 504 949 609 1011; x_wconf 88' lang='grc' dir='ltr'>ΑΒΓ</span> <span class='ocrx_word' id='word_1_61' title='bbox 637 949 807 1012; x_wconf 74' lang='lat' dir='ltr'>concurret</span> <span class='ocrx_word' id='word_1_62' title='bbox 840 949 872 1010; x_wconf 91' lang='lat' dir='ltr'>ct</span> <span class='ocrx_word' id='word_1_63' title='bbox 905 944 945 1010; x_wconf 92' lang='lat' dir='ltr'>ad</span> <span class='ocrx_word' id='word_1_64' title='bbox 978 947 1114 1011; x_wconf 85' lang='lat' dir='ltr'>alteram</span> 
     </span>
     <span class='ocr_line' id='line_1_9' title="bbox 97 1051 1113 1137; baseline 0 -22"><span class='ocrx_word' id='word_1_65' title='bbox 97 1057 225 1134; x_wconf 79' lang='lat' dir='ltr'>partem</span> <span class='ocrx_word' id='word_1_66' title='bbox 249 1053 431 1137; x_wconf 87' lang='lat' dir='ltr'>superficiei</span> <span class='ocrx_word' id='word_1_67' title='bbox 453 1053 610 1136; x_wconf 90' lang='lat' dir='ltr'>producta</span> <span class='ocrx_word' id='word_1_68' title='bbox 629 1077 649 1118; x_wconf 98' lang='lat' dir='ltr'>a</span> <span class='ocrx_word' id='word_1_69' title='bbox 666 1053 832 1137; x_wconf 83' lang='lat' dir='ltr'>triangulo</span> <span class='ocrx_word' id='word_1_70' title='bbox 851 1051 886 1116; x_wconf 93' lang='lat' dir='ltr'>in</span> <span class='ocrx_word' id='word_1_71' title='bbox 905 1052 984 1115; x_wconf 89' lang='lat' dir='ltr'>duas</span> <span class='ocrx_word' id='word_1_72' title='bbox 1003 1055 1113 1135; x_wconf 87' lang='lat' dir='ltr'>partes</span> 
     </span>
     <span class='ocr_line' id='line_1_10' title="bbox 98 1157 1114 1242; baseline -0.002 -20"><span class='ocrx_word' id='word_1_73' title='bbox 98 1159 250 1242; x_wconf 84' lang='lat' dir='ltr'>aequales</span> <span class='ocrx_word' id='word_1_74' title='bbox 275 1158 437 1223; x_wconf 84' lang='lat' dir='ltr'>secabitur</span> <span class='ocrx_word' id='word_1_75' title='bbox 455 1159 560 1241; x_wconf 87' lang='lat' dir='ltr'>[prop.</span> <span class='ocrx_word' id='word_1_76' title='bbox 579 1157 650 1238; x_wconf 79' lang='lat' dir='ltr'>VH.</span> <span class='ocrx_word' id='word_1_77' title='bbox 691 1159 756 1222; x_wconf 92' lang='lat' dir='ltr'>iam</span> <span class='ocrx_word' id='word_1_78' title='bbox 775 1158 929 1242; x_wconf 90' lang='lat' dir='ltr'>quoniam</span> <span class='ocrx_word' id='word_1_79' title='bbox 948 1161 1037 1222; x_wconf 89' lang='lat' dir='ltr'>recta</span> <span class='ocrx_word' id='word_1_80' title='bbox 1056 1179 1114 1242; x_wconf 91' lang='lat' dir='ltr'>per</span> 
     </span>
     <span class='ocr_line' id='line_1_11' title="bbox 98 1263 1113 1349; baseline 0.002 -23"><span class='ocrx_word' id='word_1_81' title='bbox 98 1266 126 1326; x_wconf 82' lang='grc' dir='ltr'>Θ</span> <span class='ocrx_word' id='word_1_82' title='bbox 144 1267 252 1328; x_wconf 86' lang='lat' dir='ltr'>rectae</span> <span class='ocrx_word' id='word_1_83' title='bbox 270 1268 341 1328; x_wconf 85' lang='grc' dir='ltr'>ΑΕ</span> <span class='ocrx_word' id='word_1_84' title='bbox 357 1263 513 1349; x_wconf 84' lang='lat' dir='ltr'>parallela</span> <span class='ocrx_word' id='word_1_85' title='bbox 532 1263 628 1328; x_wconf 89' lang='lat' dir='ltr'>ducta</span> <span class='ocrx_word' id='word_1_86' title='bbox 647 1286 718 1328; x_wconf 89' lang='lat' dir='ltr'>cum</span> <span class='ocrx_word' id='word_1_87' title='bbox 736 1265 901 1348; x_wconf 84' lang='lat' dir='ltr'>triangulo</span> <span class='ocrx_word' id='word_1_88' title='bbox 920 1266 1024 1328; x_wconf 90' lang='grc' dir='ltr'>ΑΒΓ</span> <span class='ocrx_word' id='word_1_89' title='bbox 1038 1286 1113 1328; x_wconf 90' lang='lat' dir='ltr'>con·</span> 
     </span>
     <span class='ocr_line' id='line_1_12' title="bbox 98 1368 1114 1454; baseline 0 -20"><span class='ocrx_word' id='word_1_90' title='bbox 98 1370 199 1434; x_wconf 89' lang='lat' dir='ltr'>currit</span> <span class='ocrx_word' id='word_1_91' title='bbox 222 1371 311 1434; x_wconf 89' lang='lat' dir='ltr'>etin</span> <span class='ocrx_word' id='word_1_92' title='bbox 334 1372 434 1454; x_wconf 91' lang='lat' dir='ltr'>plano</span> <span class='ocrx_word' id='word_1_93' title='bbox 459 1368 611 1434; x_wconf 85' lang='lat' dir='ltr'>sectionis</span> <span class='ocrx_word' id='word_1_94' title='bbox 636 1373 738 1432; x_wconf 83' lang='grc' dir='ltr'>ΔΖΕ</span> <span class='ocrx_word' id='word_1_95' title='bbox 760 1373 823 1452; x_wconf 88' lang='lat' dir='ltr'>est,</span> <span class='ocrx_word' id='word_1_96' title='bbox 851 1370 886 1432; x_wconf 91' lang='lat' dir='ltr'>in</span> <span class='ocrx_word' id='word_1_97' title='bbox 909 1391 1114 1435; x_wconf 86' lang='lat' dir='ltr'>communem</span> 
     </span>
     <span class='ocr_line' id='line_1_13' title="bbox 98 1475 1117 1562; baseline -0.001 -22"><span class='ocrx_word' id='word_1_98' title='bbox 98 1477 276 1542; x_wconf 90' lang='lat' dir='ltr'>sectionem</span> <span class='ocrx_word' id='word_1_99' title='bbox 317 1477 407 1562; x_wconf 89' lang='lat' dir='ltr'>plani</span> <span class='ocrx_word' id='word_1_100' title='bbox 444 1476 586 1541; x_wconf 88' lang='lat' dir='ltr'>secantis</span> <span class='ocrx_word' id='word_1_101' title='bbox 623 1475 841 1560; x_wconf 85' lang='lat' dir='ltr'>triangulique</span> <span class='ocrx_word' id='word_1_102' title='bbox 878 1478 983 1539; x_wconf 92' lang='grc' dir='ltr'>ΑΒΓ</span> <span class='ocrx_word' id='word_1_103' title='bbox 1015 1476 1117 1540; x_wconf 87' lang='lat' dir='ltr'>cadet.</span> 
     </span>
     <span class='ocr_line' id='line_1_14' title="bbox 98 1581 1117 1666; baseline 0 -20"><span class='ocrx_word' id='word_1_104' title='bbox 98 1583 280 1647; x_wconf 88' lang='lat' dir='ltr'>communis</span> <span class='ocrx_word' id='word_1_105' title='bbox 317 1586 427 1646; x_wconf 90' lang='lat' dir='ltr'>autem</span> <span class='ocrx_word' id='word_1_106' title='bbox 463 1581 635 1664; x_wconf 90' lang='lat' dir='ltr'>planorum</span> <span class='ocrx_word' id='word_1_107' title='bbox 671 1581 771 1645; x_wconf 90' lang='lat' dir='ltr'>sectio</span> <span class='ocrx_word' id='word_1_108' title='bbox 805 1584 855 1644; x_wconf 87' lang='lat' dir='ltr'>est</span> <span class='ocrx_word' id='word_1_109' title='bbox 888 1584 968 1664; x_wconf 80' lang='lat' dir='ltr'>ZH3</span> <span class='ocrx_word' id='word_1_110' title='bbox 1006 1582 1117 1666; x_wconf 88' lang='lat' dir='ltr'>itaque</span> 
     </span>
     <span class='ocr_line' id='line_1_15' title="bbox 95 1687 1115 1772; baseline 0.001 -20"><span class='ocrx_word' id='word_1_111' title='bbox 95 1691 185 1753; x_wconf 88' lang='lat' dir='ltr'>recta</span> <span class='ocrx_word' id='word_1_112' title='bbox 207 1709 266 1772; x_wconf 90' lang='lat' dir='ltr'>per</span> <span class='ocrx_word' id='word_1_113' title='bbox 292 1692 320 1752; x_wconf 79' lang='grc' dir='ltr'>Θ</span> <span class='ocrx_word' id='word_1_114' title='bbox 342 1693 449 1752; x_wconf 89' lang='lat' dir='ltr'>rectae</span> <span class='ocrx_word' id='word_1_115' title='bbox 472 1695 506 1751; x_wconf 84' lang='lat' dir='ltr'><em>A</em></span> <span class='ocrx_word' id='word_1_116' title='bbox 512 1693 544 1752; x_wconf 85' lang='lat' dir='ltr'><em>E</em></span> <span class='ocrx_word' id='word_1_117' title='bbox 564 1688 722 1772; x_wconf 85' lang='lat' dir='ltr'>parallela</span> <span class='ocrx_word' id='word_1_118' title='bbox 744 1687 842 1751; x_wconf 89' lang='lat' dir='ltr'>ducta</span> <span class='ocrx_word' id='word_1_119' title='bbox 864 1687 897 1750; x_wconf 94' lang='lat' dir='ltr'>in</span> <span class='ocrx_word' id='word_1_120' title='bbox 919 1690 990 1751; x_wconf 89' lang='grc' dir='ltr'>ΖΗ</span> <span class='ocrx_word' id='word_1_121' title='bbox 1009 1688 1115 1771; x_wconf 82' lang='lat' dir='ltr'>cadct3</span> 
     </span>
     <span class='ocr_line' id='line_1_16' title="bbox 98 1792 1114 1879; baseline 0 -20"><span class='ocrx_word' id='word_1_122' title='bbox 98 1799 130 1859; x_wconf 88' lang='lat' dir='ltr'>et</span> <span class='ocrx_word' id='word_1_123' title='bbox 152 1796 193 1859; x_wconf 91' lang='lat' dir='ltr'>ad</span> <span class='ocrx_word' id='word_1_124' title='bbox 217 1796 352 1859; x_wconf 86' lang='lat' dir='ltr'>alteram</span> <span class='ocrx_word' id='word_1_125' title='bbox 371 1798 498 1879; x_wconf 88' lang='lat' dir='ltr'>partem</span> <span class='ocrx_word' id='word_1_126' title='bbox 517 1793 671 1858; x_wconf 88' lang='lat' dir='ltr'>sectionis</span> <span class='ocrx_word' id='word_1_127' title='bbox 691 1797 796 1858; x_wconf 84' lang='grc' dir='ltr'>ΑΖΕ</span> <span class='ocrx_word' id='word_1_128' title='bbox 811 1792 969 1878; x_wconf 89' lang='lat' dir='ltr'>producta</span> <span class='ocrx_word' id='word_1_129' title='bbox 988 1817 1008 1858; x_wconf 91' lang='lat' dir='ltr'>a</span> <span class='ocrx_word' id='word_1_130' title='bbox 1026 1797 1114 1860; x_wconf 89' lang='lat' dir='ltr'>recta</span> 
     </span>
     <span class='ocr_line' id='line_1_17' title="bbox 98 1899 832 1984; baseline 0 -20"><span class='ocrx_word' id='word_1_131' title='bbox 98 1905 170 1965; x_wconf 90' lang='lat' dir='ltr'>ZH</span> <span class='ocrx_word' id='word_1_132' title='bbox 188 1903 222 1966; x_wconf 93' lang='lat' dir='ltr'>in</span> <span class='ocrx_word' id='word_1_133' title='bbox 247 1901 326 1966; x_wconf 87' lang='lat' dir='ltr'>duas</span> <span class='ocrx_word' id='word_1_134' title='bbox 350 1903 459 1984; x_wconf 85' lang='lat' dir='ltr'>partes</span> <span class='ocrx_word' id='word_1_135' title='bbox 484 1900 636 1983; x_wconf 87' lang='lat' dir='ltr'>aequales</span> <span class='ocrx_word' id='word_1_136' title='bbox 660 1899 832 1964; x_wconf 87' lang='lat' dir='ltr'>secabitur.</span> 
     </span>
    </p>

    <p class='ocr_par' dir='ltr' id='par_1_3' title="bbox 97 2007 1120 2284">
     <span class='ocr_line' id='line_1_18' title="bbox 164 2007 1120 2092; baseline -0.001 -21"><span class='ocrx_word' id='word_1_137' title='bbox 164 2008 230 2072; x_wconf 91' lang='lat' dir='ltr'>iam</span> <span class='ocrx_word' id='word_1_138' title='bbox 247 2007 350 2092; x_wconf 80' lang='lat' dir='ltr'>igitur</span> <span class='ocrx_word' id='word_1_139' title='bbox 365 2009 421 2071; x_wconf 90' lang='lat' dir='ltr'>aut</span> <span class='ocrx_word' id='word_1_140' title='bbox 434 2010 541 2071; x_wconf 89' lang='lat' dir='ltr'>rectus</span> <span class='ocrx_word' id='word_1_141' title='bbox 556 2010 608 2071; x_wconf 86' lang='lat' dir='ltr'>cst</span> <span class='ocrx_word' id='word_1_142' title='bbox 621 2028 730 2088; x_wconf 87' lang='lat' dir='ltr'>conus,</span> <span class='ocrx_word' id='word_1_143' title='bbox 749 2015 804 2070; x_wconf 88' lang='lat' dir='ltr'>aut</span> <span class='ocrx_word' id='word_1_144' title='bbox 817 2007 1001 2091; x_wconf 86' lang='lat' dir='ltr'>triangulus</span> <span class='ocrx_word' id='word_1_145' title='bbox 1016 2009 1120 2070; x_wconf 93' lang='grc' dir='ltr'>ΑΒΓ</span> 
     </span>
     <span class='ocr_line' id='line_1_19' title="bbox 98 2112 1115 2197; baseline -0.002 -19"><span class='ocrx_word' id='word_1_146' title='bbox 98 2135 158 2197; x_wconf 91' lang='lat' dir='ltr'>per</span> <span class='ocrx_word' id='word_1_147' title='bbox 180 2135 273 2178; x_wconf 83' lang='lat' dir='ltr'>axem</span> <span class='ocrx_word' id='word_1_148' title='bbox 295 2113 422 2197; x_wconf 88' lang='lat' dir='ltr'>positus</span> <span class='ocrx_word' id='word_1_149' title='bbox 446 2113 486 2177; x_wconf 92' lang='lat' dir='ltr'>ad</span> <span class='ocrx_word' id='word_1_150' title='bbox 508 2112 662 2178; x_wconf 89' lang='lat' dir='ltr'>circulum</span> <span class='ocrx_word' id='word_1_151' title='bbox 681 2115 747 2177; x_wconf 92' lang='grc' dir='ltr'>ΒΓ</span> <span class='ocrx_word' id='word_1_152' title='bbox 760 2113 1036 2197; x_wconf 85' lang='lat' dir='ltr'>perpendicularis</span> <span class='ocrx_word' id='word_1_153' title='bbox 1056 2117 1115 2191; x_wconf 89' lang='lat' dir='ltr'>est,</span> 
     </span>
     <span class='ocr_line' id='line_1_20' title="bbox 97 2223 336 2284; baseline -0.008 0"><span class='ocrx_word' id='word_1_154' title='bbox 97 2223 155 2284; x_wconf 86' lang='lat' dir='ltr'>aut</span> <span class='ocrx_word' id='word_1_155' title='bbox 176 2224 336 2283; x_wconf 88' lang='lat' dir='ltr'>neutrum.</span> 
     </span>
    </p>

    <p class='ocr_par' dir='ltr' id='par_1_4' title="bbox 97 2324 1120 3260">
     <span class='ocr_line' id='line_1_21' title="bbox 162 2324 1120 2410; baseline -0.002 -20"><span class='ocrx_word' id='word_1_156' title='bbox 162 2328 253 2410; x_wconf 88' lang='lat' dir='ltr'>prius</span> <span class='ocrx_word' id='word_1_157' title='bbox 268 2346 368 2390; x_wconf 87' lang='lat' dir='ltr'>conus</span> <span class='ocrx_word' id='word_1_158' title='bbox 382 2329 488 2389; x_wconf 91' lang='lat' dir='ltr'>rectus</span> <span class='ocrx_word' id='word_1_159' title='bbox 504 2325 556 2389; x_wconf 90' lang='lat' dir='ltr'>sit.</span> <span class='ocrx_word' id='word_1_160' title='bbox 580 2326 693 2410; x_wconf 86' lang='lat' dir='ltr'>itaque</span> <span class='ocrx_word' id='word_1_161' title='bbox 708 2325 807 2389; x_wconf 91' lang='lat' dir='ltr'>etiam</span> <span class='ocrx_word' id='word_1_162' title='bbox 821 2324 1004 2409; x_wconf 83' lang='lat' dir='ltr'>triangulus</span> <span class='ocrx_word' id='word_1_163' title='bbox 1015 2328 1120 2389; x_wconf 95' lang='grc' dir='ltr'>ΑΒΓ</span> 
     </span>
     <span class='ocr_line' id='line_1_22' title="bbox 97 2429 1115 2515; baseline -0.003 -19"><span class='ocrx_word' id='word_1_164' title='bbox 97 2433 138 2496; x_wconf 90' lang='lat' dir='ltr'>ad</span> <span class='ocrx_word' id='word_1_165' title='bbox 153 2432 308 2497; x_wconf 90' lang='lat' dir='ltr'>circulum</span> <span class='ocrx_word' id='word_1_166' title='bbox 318 2434 385 2496; x_wconf 94' lang='grc' dir='ltr'>ΒΓ</span> <span class='ocrx_word' id='word_1_167' title='bbox 394 2431 669 2515; x_wconf 88' lang='lat' dir='ltr'>perpendicularis</span> <span class='ocrx_word' id='word_1_168' title='bbox 682 2436 732 2496; x_wconf 89' lang='lat' dir='ltr'>est</span> <span class='ocrx_word' id='word_1_169' title='bbox 743 2431 818 2512; x_wconf 86' lang='lat' dir='ltr'>[def.</span> <span class='ocrx_word' id='word_1_170' title='bbox 829 2433 864 2514; x_wconf 80' lang='lat'>33</span> <span class='ocrx_word' id='word_1_171' title='bbox 878 2431 970 2496; x_wconf 80' lang='lat' dir='ltr'>Eucl.</span> <span class='ocrx_word' id='word_1_172' title='bbox 979 2429 1037 2514; x_wconf 86' lang='lat' dir='ltr'>XI,</span> <span class='ocrx_word' id='word_1_173' title='bbox 1050 2432 1115 2510; x_wconf 89' lang='grc'>18].</span> 
     </span>
     <span class='ocr_line' id='line_1_23' title="bbox 97 2537 1114 2622; baseline -0.005 -19"><span class='ocrx_word' id='word_1_174' title='bbox 97 2540 251 2622; x_wconf 89' lang='lat' dir='ltr'>quoniam</span> <span class='ocrx_word' id='word_1_175' title='bbox 275 2538 376 2622; x_wconf 85' lang='lat' dir='ltr'>igitur</span> <span class='ocrx_word' id='word_1_176' title='bbox 398 2539 532 2622; x_wconf 92' lang='lat' dir='ltr'>planum</span> <span class='ocrx_word' id='word_1_177' title='bbox 553 2540 657 2602; x_wconf 92' lang='grc' dir='ltr'>ΑΒΓ</span> <span class='ocrx_word' id='word_1_178' title='bbox 676 2538 717 2601; x_wconf 91' lang='lat' dir='ltr'>ad</span> <span class='ocrx_word' id='word_1_179' title='bbox 739 2537 874 2621; x_wconf 89' lang='lat' dir='ltr'>planum</span> <span class='ocrx_word' id='word_1_180' title='bbox 893 2539 961 2600; x_wconf 94' lang='grc' dir='ltr'>ΒΓ</span> <span class='ocrx_word' id='word_1_181' title='bbox 978 2557 1114 2620; x_wconf 89' lang='lat' dir='ltr'>perpen-</span> 
     </span>
     <span class='ocr_line' id='line_1_24' title="bbox 97 2643 1115 2729; baseline -0.003 -20"><span class='ocrx_word' id='word_1_182' title='bbox 97 2645 238 2709; x_wconf 90' lang='lat' dir='ltr'>diculare</span> <span class='ocrx_word' id='word_1_183' title='bbox 272 2648 335 2729; x_wconf 84' lang='lat' dir='ltr'>est,</span> <span class='ocrx_word' id='word_1_184' title='bbox 367 2649 400 2709; x_wconf 87' lang='lat' dir='ltr'>et</span> <span class='ocrx_word' id='word_1_185' title='bbox 431 2644 466 2708; x_wconf 92' lang='lat' dir='ltr'>in</span> <span class='ocrx_word' id='word_1_186' title='bbox 494 2645 592 2729; x_wconf 91' lang='lat' dir='ltr'>plano</span> <span class='ocrx_word' id='word_1_187' title='bbox 622 2643 724 2708; x_wconf 89' lang='lat' dir='ltr'>altero</span> <span class='ocrx_word' id='word_1_188' title='bbox 753 2646 819 2707; x_wconf 93' lang='grc' dir='ltr'>ΒΓ</span> <span class='ocrx_word' id='word_1_189' title='bbox 843 2644 884 2707; x_wconf 90' lang='lat' dir='ltr'>ad</span> <span class='ocrx_word' id='word_1_190' title='bbox 912 2664 1115 2707; x_wconf 91' lang='lat' dir='ltr'>communem</span> 
     </span>
     <span class='ocr_line' id='line_1_25' title="bbox 97 2749 1117 2834; baseline 0 -20"><span class='ocrx_word' id='word_1_191' title='bbox 97 2773 209 2816; x_wconf 88' lang='lat' dir='ltr'>corum</span> <span class='ocrx_word' id='word_1_192' title='bbox 224 2752 401 2815; x_wconf 88' lang='lat' dir='ltr'>sectionem</span> <span class='ocrx_word' id='word_1_193' title='bbox 415 2753 482 2814; x_wconf 94' lang='grc' dir='ltr'>ΒΓ</span> <span class='ocrx_word' id='word_1_194' title='bbox 491 2749 766 2834; x_wconf 89' lang='lat' dir='ltr'>perpendicularis</span> <span class='ocrx_word' id='word_1_195' title='bbox 782 2749 877 2813; x_wconf 86' lang='lat' dir='ltr'>ducta</span> <span class='ocrx_word' id='word_1_196' title='bbox 892 2754 942 2819; x_wconf 88' lang='lat' dir='ltr'>est</span> <span class='ocrx_word' id='word_1_197' title='bbox 955 2755 1032 2834; x_wconf 83' lang='grc' dir='ltr'>ΑΒ,</span> <span class='ocrx_word' id='word_1_198' title='bbox 1046 2754 1117 2814; x_wconf 83' lang='grc' dir='ltr'>ΑΒ</span> 
     </span>
     <span class='ocr_line' id='line_1_26' title="bbox 98 2855 1113 2942; baseline 0 -23"><span class='ocrx_word' id='word_1_199' title='bbox 98 2856 139 2920; x_wconf 91' lang='lat' dir='ltr'>ad</span> <span class='ocrx_word' id='word_1_200' title='bbox 148 2858 348 2942; x_wconf 83' lang='lat' dir='ltr'>triangulum</span> <span class='ocrx_word' id='word_1_201' title='bbox 357 2860 462 2921; x_wconf 94' lang='grc' dir='ltr'>ΑΒΓ</span> <span class='ocrx_word' id='word_1_202' title='bbox 471 2855 746 2940; x_wconf 88' lang='lat' dir='ltr'>perpendicularis</span> <span class='ocrx_word' id='word_1_203' title='bbox 757 2859 807 2920; x_wconf 91' lang='lat' dir='ltr'>est</span> <span class='ocrx_word' id='word_1_204' title='bbox 822 2855 927 2936; x_wconf 83' lang='lat' dir='ltr'>[Eucl.</span> <span class='ocrx_word' id='word_1_205' title='bbox 937 2856 984 2920; x_wconf 89' lang='lat' dir='ltr'>XI</span> <span class='ocrx_word' id='word_1_206' title='bbox 998 2857 1058 2922; x_wconf 86' lang='lat' dir='ltr'>def.</span> <span class='ocrx_word' id='word_1_207' title='bbox 1069 2858 1113 2937; x_wconf 88' lang='lat'>4].</span> 
     </span>
     <span class='ocr_line' id='line_1_27' title="bbox 98 2964 1114 3047; baseline 0 -21"><span class='ocrx_word' id='word_1_208' title='bbox 98 2984 197 3047; x_wconf 87' lang='lat' dir='ltr'>quare</span> <span class='ocrx_word' id='word_1_209' title='bbox 230 2964 329 3028; x_wconf 90' lang='lat' dir='ltr'>ctiam</span> <span class='ocrx_word' id='word_1_210' title='bbox 362 2965 402 3027; x_wconf 90' lang='lat' dir='ltr'>ad</span> <span class='ocrx_word' id='word_1_211' title='bbox 435 2984 546 3027; x_wconf 93' lang='lat' dir='ltr'>omncs</span> <span class='ocrx_word' id='word_1_212' title='bbox 579 2967 684 3027; x_wconf 90' lang='lat' dir='ltr'>rectas</span> <span class='ocrx_word' id='word_1_213' title='bbox 718 2984 786 3026; x_wconf 89' lang='lat' dir='ltr'>eam</span> <span class='ocrx_word' id='word_1_214' title='bbox 819 2965 990 3046; x_wconf 86' lang='lat' dir='ltr'>tangentes</span> <span class='ocrx_word' id='word_1_215' title='bbox 1020 2967 1053 3026; x_wconf 92' lang='lat' dir='ltr'>et</span> <span class='ocrx_word' id='word_1_216' title='bbox 1080 2964 1114 3026; x_wconf 94' lang='lat' dir='ltr'>in</span> 
     </span>
     <span class='ocr_line' id='line_1_28' title="bbox 98 3068 1114 3152; baseline -0.001 -19"><span class='ocrx_word' id='word_1_217' title='bbox 98 3069 264 3152; x_wconf 84' lang='lat' dir='ltr'>triangulo</span> <span class='ocrx_word' id='word_1_218' title='bbox 289 3072 391 3134; x_wconf 87' lang='grc' dir='ltr'>ΑΒΓ</span> <span class='ocrx_word' id='word_1_219' title='bbox 413 3069 537 3152; x_wconf 88' lang='lat' dir='ltr'>positas</span> <span class='ocrx_word' id='word_1_220' title='bbox 565 3069 839 3152; x_wconf 86' lang='lat' dir='ltr'>perpendicularis</span> <span class='ocrx_word' id='word_1_221' title='bbox 864 3073 914 3132; x_wconf 87' lang='lat' dir='ltr'>est</span> <span class='ocrx_word' id='word_1_222' title='bbox 937 3069 1043 3150; x_wconf 81' lang='lat' dir='ltr'>[Eucl.</span> <span class='ocrx_word' id='word_1_223' title='bbox 1067 3068 1114 3132; x_wconf 87' lang='lat' dir='ltr'>XI</span> 
     </span>
     <span class='ocr_line' id='line_1_29' title="bbox 97 3174 1001 3260; baseline 0.001 -22"><span class='ocrx_word' id='word_1_224' title='bbox 97 3174 158 3239; x_wconf 83' lang='lat' dir='ltr'>def.</span> <span class='ocrx_word' id='word_1_225' title='bbox 179 3177 222 3255; x_wconf 75' lang='lat' dir='ltr'>3l.</span> <span class='ocrx_word' id='word_1_226' title='bbox 269 3196 346 3260; x_wconf 84' lang='lat' dir='ltr'>ergo</span> <span class='ocrx_word' id='word_1_227' title='bbox 370 3175 468 3240; x_wconf 92' lang='lat' dir='ltr'>etiam</span> <span class='ocrx_word' id='word_1_228' title='bbox 492 3175 532 3240; x_wconf 95' lang='lat' dir='ltr'>ad</span> <span class='ocrx_word' id='word_1_229' title='bbox 556 3180 627 3239; x_wconf 89' lang='grc' dir='ltr'>ΖΗ</span> <span class='ocrx_word' id='word_1_230' title='bbox 646 3175 919 3260; x_wconf 88' lang='lat' dir='ltr'>perpendicularis</span> <span class='ocrx_word' id='word_1_231' title='bbox 944 3179 1001 3240; x_wconf 87' lang='lat' dir='ltr'>cst.</span> 
     </span>
    </p>
   </div>
   <div class='ocr_carea' id='block_1_3' title="bbox 0 0 1224 3892">
    <p class='ocr_par' dir='ltr' id='par_1_5' title="bbox 0 0 1224 3892">
     <span class='ocr_line' id='line_1_30' title="bbox 0 0 1224 3892; baseline 0 0"><span class='ocrx_word' id='word_1_232' title='bbox 0 0 1224 3892; x_wconf 95' lang='lat' dir='ltr'> </span> 
     </span>
    </p>
   </div>
  </div>
 </body>
</html>
