<?xml version="1.0" encoding="UTF-8"?>
<!DOCTYPE html PUBLIC "-//W3C//DTD XHTML 1.0 Transitional//EN"
    "http://www.w3.org/TR/xhtml1/DTD/xhtml1-transitional.dtd">
<html xmlns="http://www.w3.org/1999/xhtml" xml:lang="en" lang="en">
 <head>
  <title>
</title>
<meta http-equiv="Content-Type" content="text/html;charset=utf-8" />
  <meta name='ocr-system' content='tesseract 3.04.00' />
  <meta name='ocr-capabilities' content='ocr_page ocr_carea ocr_par ocr_line ocrx_word'/>
</head>
<body>
  <div class='ocr_page' id='page_1' title='image "./apolloniipergae00apolgoog_0338.png"; bbox 0 0 2438 3892; ppageno 0'>
   <div class='ocr_carea' id='block_1_1' title="bbox 168 118 790 191">
    <p class='ocr_par' dir='ltr' id='par_1_1' title="bbox 168 118 790 191">
     <span class='ocr_line' id='line_1_1' title="bbox 168 118 790 191; baseline 0.003 -16"><span class='ocrx_word' id='word_1_1' title='bbox 168 125 234 189; x_wconf 80' lang='lat'><strong><em>320</em></strong></span> <span class='ocrx_word' id='word_1_2' title='bbox 566 122 734 176; x_wconf 74' lang='grc' dir='ltr'><strong><em>Κονιιτοιι</em></strong></span> <span class='ocrx_word' id='word_1_3' title='bbox 751 118 790 191; x_wconf 67' lang='grc' dir='ltr'><strong><em>γ’.</em></strong></span> 
     </span>
    </p>
   </div>
   <div class='ocr_carea' id='block_1_2' title="bbox 168 253 1164 566">
    <p class='ocr_par' dir='ltr' id='par_1_2' title="bbox 168 253 1164 566">
     <span class='ocr_line' id='line_1_2' title="bbox 236 253 1162 352; baseline -0.002 -18"><span class='ocrx_word' id='word_1_4' title='bbox 236 266 306 334; x_wconf 82' lang='grc' dir='ltr'><strong><em>ἐπεὶ</em></strong></span> <span class='ocrx_word' id='word_1_5' title='bbox 335 257 399 333; x_wconf 83' lang='grc' dir='ltr'><strong><em>οὖν</em></strong></span> <span class='ocrx_word' id='word_1_6' title='bbox 426 266 584 350; x_wconf 78' lang='grc' dir='ltr'><strong><em>κατῆκται</em></strong></span> <span class='ocrx_word' id='word_1_7' title='bbox 612 261 633 349; x_wconf 78' lang='grc' dir='ltr'><em>ἡ</em></span> <span class='ocrx_word' id='word_1_8' title='bbox 661 271 743 350; x_wconf 84' lang='grc' dir='ltr'><strong><em>ΑΖ,</em></strong></span> <span class='ocrx_word' id='word_1_9' title='bbox 771 264 828 331; x_wconf 81' lang='grc' dir='ltr'><strong><em>καὶ</em></strong></span> <span class='ocrx_word' id='word_1_10' title='bbox 856 253 1037 351; x_wconf 77' lang='grc' dir='ltr'><strong><em>ἐφάπτεται</em></strong></span> <span class='ocrx_word' id='word_1_11' title='bbox 1063 261 1082 352; x_wconf 80' lang='grc' dir='ltr'><em>ἡ</em></span> <span class='ocrx_word' id='word_1_12' title='bbox 1104 269 1162 351; x_wconf 81' lang='grc' dir='ltr'><strong><em>ΑΓ,</em></strong></span> 
     </span>
     <span class='ocr_line' id='line_1_3' title="bbox 168 367 1164 462; baseline -0.003 -21"><span class='ocrx_word' id='word_1_13' title='bbox 168 378 206 442; x_wconf 89' lang='grc' dir='ltr'><strong><em>τὸ</em></strong></span> <span class='ocrx_word' id='word_1_14' title='bbox 228 371 295 441; x_wconf 84' lang='grc' dir='ltr'><strong><em>ὑπὸ</em></strong></span> <span class='ocrx_word' id='word_1_15' title='bbox 320 376 425 439; x_wconf 89' lang='grc' dir='ltr'><strong><em>ΖΗΓ</em></strong></span> <span class='ocrx_word' id='word_1_16' title='bbox 444 379 519 437; x_wconf 74' lang='grc' dir='ltr'><strong><em>ἴσον</em></strong></span> <span class='ocrx_word' id='word_1_17' title='bbox 544 369 613 438; x_wconf 82' lang='grc' dir='ltr'><strong><em>ἐστὶ</em></strong></span> <span class='ocrx_word' id='word_1_18' title='bbox 635 373 680 462; x_wconf 78' lang='grc' dir='ltr'><strong><em>τῷ</em></strong></span> <span class='ocrx_word' id='word_1_19' title='bbox 706 367 771 438; x_wconf 80' lang='grc' dir='ltr'><strong><em>ἀπὸ</em></strong></span> <span class='ocrx_word' id='word_1_20' title='bbox 795 376 872 438; x_wconf 89' lang='grc' dir='ltr'><strong><em>ΒΗ.</em></strong></span> <span class='ocrx_word' id='word_1_21' title='bbox 921 375 1012 439; x_wconf 79' lang='grc' dir='ltr'><strong><em>ἔστιν</em></strong></span> <span class='ocrx_word' id='word_1_22' title='bbox 1035 369 1112 461; x_wconf 73' lang='grc' dir='ltr'><strong><em>ἄρα,</em></strong></span> <span class='ocrx_word' id='word_1_23' title='bbox 1131 368 1164 450; x_wconf 74' lang='grc' dir='ltr'><strong><em>ὡς</em></strong></span> 
     </span>
     <span class='ocr_line' id='line_1_4' title="bbox 171 473 1161 566; baseline 0 -20"><span class='ocrx_word' id='word_1_24' title='bbox 171 478 192 566; x_wconf 81' lang='grc' dir='ltr'><em>ἡ</em></span> <span class='ocrx_word' id='word_1_25' title='bbox 222 486 292 546; x_wconf 91' lang='grc' dir='ltr'><strong><em>ΖΗ</em></strong></span> <span class='ocrx_word' id='word_1_26' title='bbox 316 481 399 565; x_wconf 84' lang='grc' dir='ltr'><strong><em>πρὸς</em></strong></span> <span class='ocrx_word' id='word_1_27' title='bbox 421 481 505 560; x_wconf 90' lang='grc' dir='ltr'><strong><em>ΗΒ,</em></strong></span> <span class='ocrx_word' id='word_1_28' title='bbox 536 473 555 561; x_wconf 82' lang='grc' dir='ltr'><em>ἡ</em></span> <span class='ocrx_word' id='word_1_29' title='bbox 580 481 653 542; x_wconf 90' lang='grc' dir='ltr'><strong><em>ΒΗ</em></strong></span> <span class='ocrx_word' id='word_1_30' title='bbox 676 480 761 564; x_wconf 80' lang='grc' dir='ltr'><strong><em>πρὸς</em></strong></span> <span class='ocrx_word' id='word_1_31' title='bbox 781 483 868 544; x_wconf 86' lang='grc' dir='ltr'><strong><em>ΗΓ·</em></strong></span> <span class='ocrx_word' id='word_1_32' title='bbox 915 477 971 544; x_wconf 87' lang='grc' dir='ltr'><strong><em>καὶ</em></strong></span> <span class='ocrx_word' id='word_1_33' title='bbox 996 473 1041 558; x_wconf 75' lang='grc' dir='ltr'><strong><em>ὡς</em></strong></span> <span class='ocrx_word' id='word_1_34' title='bbox 1067 475 1161 563; x_wconf 77' lang='grc' dir='ltr'><strong><em>ἄρνὴ</em></strong></span> 
     </span>
    </p>
   </div>
   <div class='ocr_carea' id='block_1_3' title="bbox 123 1366 1176 2182">
    <p class='ocr_par' dir='ltr' id='par_1_3' title="bbox 139 1366 1174 1567">
     <span class='ocr_line' id='line_1_5' title="bbox 175 1366 1170 1459; baseline -0.002 -20"><span class='ocrx_word' id='word_1_35' title='bbox 175 1378 247 1439; x_wconf 90' lang='grc' dir='ltr'><strong><em>ΖΗ</em></strong></span> <span class='ocrx_word' id='word_1_36' title='bbox 269 1373 352 1459; x_wconf 83' lang='grc' dir='ltr'><strong><em>πρὸς</em></strong></span> <span class='ocrx_word' id='word_1_37' title='bbox 374 1376 457 1454; x_wconf 82' lang='grc' dir='ltr'><strong><em>ΗΓ,</em></strong></span> <span class='ocrx_word' id='word_1_38' title='bbox 485 1375 522 1438; x_wconf 90' lang='grc' dir='ltr'><strong><em>τὸ</em></strong></span> <span class='ocrx_word' id='word_1_39' title='bbox 553 1366 618 1436; x_wconf 78' lang='grc' dir='ltr'><strong><em>ἀπὸ</em></strong></span> <span class='ocrx_word' id='word_1_40' title='bbox 643 1376 715 1436; x_wconf 91' lang='grc' dir='ltr'><strong><em>ΖΗ</em></strong></span> <span class='ocrx_word' id='word_1_41' title='bbox 733 1374 817 1457; x_wconf 75' lang='grc' dir='ltr'><strong><em>πρὸς</em></strong></span> <span class='ocrx_word' id='word_1_42' title='bbox 838 1374 875 1436; x_wconf 88' lang='grc' dir='ltr'><strong><em>τὸ</em></strong></span> <span class='ocrx_word' id='word_1_43' title='bbox 899 1367 966 1438; x_wconf 78' lang='grc' dir='ltr'><strong><em>ἀπὸ</em></strong></span> <span class='ocrx_word' id='word_1_44' title='bbox 989 1377 1070 1442; x_wconf 90' lang='grc' dir='ltr'><strong><em>ΗΒ.</em></strong></span> <span class='ocrx_word' id='word_1_45' title='bbox 1110 1366 1170 1439; x_wconf 81' lang='grc' dir='ltr'><strong><em>ἀλλ’</em></strong></span> 
     </span>
     <span class='ocr_line' id='line_1_6' title="bbox 139 1474 1174 1567; baseline -0.004 -20"><span class='ocrx_word' id='word_1_46' title='bbox 139 1480 220 1560; x_wconf 69' lang='grc' dir='ltr'><strong><em>τώς</em></strong></span> <span class='ocrx_word' id='word_1_47' title='bbox 243 1477 280 1547; x_wconf 86' lang='grc' dir='ltr'><strong><em>τὸ</em></strong></span> <span class='ocrx_word' id='word_1_48' title='bbox 305 1476 370 1546; x_wconf 80' lang='grc' dir='ltr'><strong><em>ἀπὸ</em></strong></span> <span class='ocrx_word' id='word_1_49' title='bbox 397 1483 469 1544; x_wconf 90' lang='grc' dir='ltr'><strong><em>ΖΗ</em></strong></span> <span class='ocrx_word' id='word_1_50' title='bbox 487 1474 570 1565; x_wconf 82' lang='grc' dir='ltr'><strong><em>πρὸς</em></strong></span> <span class='ocrx_word' id='word_1_51' title='bbox 593 1474 630 1543; x_wconf 87' lang='grc' dir='ltr'><strong><em>τὸ</em></strong></span> <span class='ocrx_word' id='word_1_52' title='bbox 654 1475 721 1544; x_wconf 84' lang='grc' dir='ltr'><strong><em>ἀπὸ</em></strong></span> <span class='ocrx_word' id='word_1_53' title='bbox 745 1483 831 1562; x_wconf 89' lang='grc' dir='ltr'><strong><em>ΗΒ,</em></strong></span> <span class='ocrx_word' id='word_1_54' title='bbox 853 1475 891 1544; x_wconf 88' lang='grc' dir='ltr'><strong><em>τὸ</em></strong></span> <span class='ocrx_word' id='word_1_55' title='bbox 915 1483 1023 1544; x_wconf 91' lang='grc' dir='ltr'><strong><em>ΑΗΖ</em></strong></span> <span class='ocrx_word' id='word_1_56' title='bbox 1046 1479 1125 1567; x_wconf 83' lang='grc' dir='ltr'><strong><em>πρὸς</em></strong></span> <span class='ocrx_word' id='word_1_57' title='bbox 1144 1474 1174 1543; x_wconf 81' lang='grc' dir='ltr'><strong><em>τὸ</em></strong></span> 
     </span>
    </p>

    <p class='ocr_par' dir='ltr' id='par_1_4' title="bbox 173 1581 1174 1672">
     <span class='ocr_line' id='line_1_7' title="bbox 173 1581 1174 1672; baseline -0.002 -20"><span class='ocrx_word' id='word_1_58' title='bbox 173 1592 295 1672; x_wconf 83' lang='grc' dir='ltr'><strong><em>ΑΗΒ,</em></strong></span> <span class='ocrx_word' id='word_1_59' title='bbox 321 1583 365 1664; x_wconf 84' lang='grc' dir='ltr'><strong><em>ὡς</em></strong></span> <span class='ocrx_word' id='word_1_60' title='bbox 389 1583 426 1652; x_wconf 68' lang='grc' dir='ltr'><strong><em>δὲ</em></strong></span> <span class='ocrx_word' id='word_1_61' title='bbox 449 1581 469 1670; x_wconf 80' lang='grc' dir='ltr'><em>ἡ</em></span> <span class='ocrx_word' id='word_1_62' title='bbox 491 1591 562 1651; x_wconf 91' lang='grc' dir='ltr'><strong><em>ΖΗ</em></strong></span> <span class='ocrx_word' id='word_1_63' title='bbox 580 1581 665 1671; x_wconf 82' lang='grc' dir='ltr'><strong><em>πρὸς</em></strong></span> <span class='ocrx_word' id='word_1_64' title='bbox 683 1587 766 1670; x_wconf 86' lang='grc' dir='ltr'><strong><em>ΗΓ,</em></strong></span> <span class='ocrx_word' id='word_1_65' title='bbox 789 1581 827 1650; x_wconf 83' lang='grc' dir='ltr'><strong><em>τὸ</em></strong></span> <span class='ocrx_word' id='word_1_66' title='bbox 845 1589 951 1650; x_wconf 89' lang='grc' dir='ltr'><strong><em>ΑΗΖ</em></strong></span> <span class='ocrx_word' id='word_1_67' title='bbox 971 1583 1057 1671; x_wconf 84' lang='grc' dir='ltr'><strong><em>πρὸς</em></strong></span> <span class='ocrx_word' id='word_1_68' title='bbox 1074 1587 1174 1653; x_wconf 84' lang='grc' dir='ltr'><strong><em>ΑΗΓ·</em></strong></span> 
     </span>
    </p>

    <p class='ocr_par' dir='ltr' id='par_1_5' title="bbox 173 1687 1176 1778">
     <span class='ocr_line' id='line_1_8' title="bbox 173 1687 1176 1778; baseline 0.001 -20"><span class='ocrx_word' id='word_1_69' title='bbox 173 1693 228 1759; x_wconf 85' lang='grc' dir='ltr'><strong><em>ιιοιὶ</em></strong></span> <span class='ocrx_word' id='word_1_70' title='bbox 256 1689 301 1769; x_wconf 84' lang='grc' dir='ltr'><strong><em>ὡς</em></strong></span> <span class='ocrx_word' id='word_1_71' title='bbox 324 1691 391 1778; x_wconf 81' lang='grc' dir='ltr'><strong><em>ἄρα</em></strong></span> <span class='ocrx_word' id='word_1_72' title='bbox 413 1695 450 1758; x_wconf 90' lang='grc' dir='ltr'><strong><em>τὸ</em></strong></span> <span class='ocrx_word' id='word_1_73' title='bbox 475 1696 581 1757; x_wconf 88' lang='grc' dir='ltr'><strong><em>ΑΗΖ</em></strong></span> <span class='ocrx_word' id='word_1_74' title='bbox 603 1687 686 1775; x_wconf 84' lang='grc' dir='ltr'><strong><em>πρὸς</em></strong></span> <span class='ocrx_word' id='word_1_75' title='bbox 708 1688 746 1758; x_wconf 86' lang='grc' dir='ltr'><strong><em>τὸ</em></strong></span> <span class='ocrx_word' id='word_1_76' title='bbox 768 1695 889 1775; x_wconf 86' lang='grc' dir='ltr'><strong><em>ΑΗΓ,</em></strong></span> <span class='ocrx_word' id='word_1_77' title='bbox 915 1689 955 1758; x_wconf 88' lang='grc' dir='ltr'><strong><em>τὸ</em></strong></span> <span class='ocrx_word' id='word_1_78' title='bbox 979 1698 1086 1759; x_wconf 92' lang='grc' dir='ltr'><strong><em>ΑΗΖ</em></strong></span> <span class='ocrx_word' id='word_1_79' title='bbox 1106 1688 1176 1778; x_wconf 82' lang='grc' dir='ltr'><strong><em>πρὸς</em></strong></span> 
     </span>
    </p>

    <p class='ocr_par' dir='ltr' id='par_1_6' title="bbox 173 1795 1175 1889">
     <span class='ocr_line' id='line_1_9' title="bbox 173 1795 1175 1889; baseline 0.001 -26"><span class='ocrx_word' id='word_1_80' title='bbox 173 1804 289 1864; x_wconf 85' lang='grc' dir='ltr'><strong><em>ΔΗΒ.</em></strong></span> <span class='ocrx_word' id='word_1_81' title='bbox 335 1805 412 1864; x_wconf 71' lang='grc' dir='ltr'><strong><em>ἴσον</em></strong></span> <span class='ocrx_word' id='word_1_82' title='bbox 440 1798 505 1883; x_wconf 76' lang='grc' dir='ltr'><strong><em>ἄρα</em></strong></span> <span class='ocrx_word' id='word_1_83' title='bbox 532 1795 570 1863; x_wconf 87' lang='grc' dir='ltr'><strong><em>τὸ</em></strong></span> <span class='ocrx_word' id='word_1_84' title='bbox 599 1801 708 1863; x_wconf 90' lang='grc' dir='ltr'><strong><em>ΑΗΓ</em></strong></span> <span class='ocrx_word' id='word_1_85' title='bbox 730 1799 776 1889; x_wconf 78' lang='grc' dir='ltr'><strong><em>τῷ</em></strong></span> <span class='ocrx_word' id='word_1_86' title='bbox 799 1803 913 1865; x_wconf 90' lang='grc' dir='ltr'><strong><em>ΔΗΒ.</em></strong></span> <span class='ocrx_word' id='word_1_87' title='bbox 959 1797 1078 1866; x_wconf 83' lang='grc' dir='ltr'><strong><em>κοινὸν</em></strong></span> <span class='ocrx_word' id='word_1_88' title='bbox 1104 1795 1175 1884; x_wconf 78' lang='grc' dir='ltr'><strong><em>ἄφρ-</em></strong></span> 
     </span>
    </p>

    <p class='ocr_par' dir='ltr' id='par_1_7' title="bbox 123 1900 1175 2182">
     <span class='ocr_line' id='line_1_10' title="bbox 174 1900 1175 1993; baseline 0 -24"><span class='ocrx_word' id='word_1_89' title='bbox 174 1902 292 1990; x_wconf 76' lang='grc' dir='ltr'><strong><em>ρήσθω</em></strong></span> <span class='ocrx_word' id='word_1_90' title='bbox 320 1900 358 1969; x_wconf 83' lang='grc' dir='ltr'><strong><em>τὸ</em></strong></span> <span class='ocrx_word' id='word_1_91' title='bbox 383 1908 541 1969; x_wconf 85' lang='grc' dir='ltr'><strong><em>ΔΗΓΕ·</em></strong></span> <span class='ocrx_word' id='word_1_92' title='bbox 587 1903 707 1970; x_wconf 81' lang='grc' dir='ltr'><strong><em>λοιπὸν</em></strong></span> <span class='ocrx_word' id='word_1_93' title='bbox 735 1900 801 1990; x_wconf 77' lang='grc' dir='ltr'><strong><em>ἄρα</em></strong></span> <span class='ocrx_word' id='word_1_94' title='bbox 828 1908 866 1971; x_wconf 85' lang='grc' dir='ltr'><strong><em>τὸ</em></strong></span> <span class='ocrx_word' id='word_1_95' title='bbox 889 1910 998 1970; x_wconf 84' lang='grc' dir='ltr'><strong><em>ΑΕΔ</em></strong></span> <span class='ocrx_word' id='word_1_96' title='bbox 1024 1910 1175 1993; x_wconf 77' lang='grc' dir='ltr'><strong><em>τρίγωνον</em></strong></span> 
     </span>
     <span class='ocr_line' id='line_1_11' title="bbox 123 2008 696 2182; baseline -0.002 -107"><span class='ocrx_word' id='word_1_97' title='bbox 123 2034 156 2084; x_wconf 86' lang='lat'><strong><em>10</em></strong></span> <span class='ocrx_word' id='word_1_98' title='bbox 175 2017 250 2075; x_wconf 78' lang='grc' dir='ltr'><strong><em>ἴσον</em></strong></span> <span class='ocrx_word' id='word_1_99' title='bbox 274 2008 343 2075; x_wconf 81' lang='grc' dir='ltr'><strong><em>ἐστὶ</em></strong></span> <span class='ocrx_word' id='word_1_100' title='bbox 365 2012 412 2099; x_wconf 77' lang='grc' dir='ltr'><strong><em>τῷ</em></strong></span> <span class='ocrx_word' id='word_1_101' title='bbox 436 2014 541 2076; x_wconf 84' lang='grc' dir='ltr'><em>ΓΕΒ.</em></span> <span class='ocrx_word' id='word_1_102' title='bbox 661 2095 696 2182; x_wconf 38' lang='grc' dir='ltr'><strong><em>β’</em></strong></span> 
     </span>
    </p>
   </div>
   <div class='ocr_carea' id='block_1_4' title="bbox 174 2215 1170 2418">
    <p class='ocr_par' dir='ltr' id='par_1_8' title="bbox 174 2215 1170 2418">
     <span class='ocr_line' id='line_1_12' title="bbox 246 2215 1160 2311; baseline 0.003 -25"><span class='ocrx_word' id='word_1_103' title='bbox 246 2223 322 2286; x_wconf 77' lang='grc' dir='ltr'><strong><em>Τοόν</em></strong></span> <span class='ocrx_word' id='word_1_104' title='bbox 347 2215 459 2286; x_wconf 77' lang='grc' dir='ltr'><strong><em>αὐτῶν</em></strong></span> <span class='ocrx_word' id='word_1_105' title='bbox 481 2217 713 2306; x_wconf 81' lang='grc' dir='ltr'><strong><em>ὑποκειμένων</em></strong></span> <span class='ocrx_word' id='word_1_106' title='bbox 737 2220 797 2289; x_wconf 79' lang='grc' dir='ltr'><strong><em>ἐὰν</em></strong></span> <span class='ocrx_word' id='word_1_107' title='bbox 820 2221 875 2290; x_wconf 81' lang='grc' dir='ltr'><strong><em>ἐπὶ</em></strong></span> <span class='ocrx_word' id='word_1_108' title='bbox 896 2235 954 2310; x_wconf 78' lang='grc' dir='ltr'><strong><em>τῆς</em></strong></span> <span class='ocrx_word' id='word_1_109' title='bbox 973 2236 1077 2311; x_wconf 78' lang='grc' dir='ltr'><strong><em>τομῆς</em></strong></span> <span class='ocrx_word' id='word_1_110' title='bbox 1095 2223 1114 2309; x_wconf 79' lang='grc' dir='ltr'>ἢ</span> <span class='ocrx_word' id='word_1_111' title='bbox 1130 2225 1160 2306; x_wconf 74' lang='grc' dir='ltr'><strong><em>τῇ</em></strong></span> 
     </span>
     <span class='ocr_line' id='line_1_13' title="bbox 174 2320 1170 2418; baseline 0.003 -25"><span class='ocrx_word' id='word_1_112' title='bbox 174 2330 236 2395; x_wconf 84' lang='grc' dir='ltr'><strong><em>τοῦ</em></strong></span> <span class='ocrx_word' id='word_1_113' title='bbox 269 2326 395 2394; x_wconf 78' lang='grc' dir='ltr'><strong><em>κύκλον</em></strong></span> <span class='ocrx_word' id='word_1_114' title='bbox 427 2332 640 2414; x_wconf 77' lang='grc' dir='ltr'><strong><em>περιφερείας</em></strong></span> <span class='ocrx_word' id='word_1_115' title='bbox 668 2332 785 2416; x_wconf 76' lang='grc' dir='ltr'><em>ληφθῇ</em></span> <span class='ocrx_word' id='word_1_116' title='bbox 813 2355 845 2396; x_wconf 87' lang='grc' dir='ltr'><strong><em>τι</em></strong></span> <span class='ocrx_word' id='word_1_117' title='bbox 873 2344 1029 2418; x_wconf 79' lang='grc' dir='ltr'><strong><em>σημεῖον,</em></strong></span> <span class='ocrx_word' id='word_1_118' title='bbox 1061 2331 1113 2398; x_wconf 84' lang='grc' dir='ltr'><strong><em>καὶ</em></strong></span> <span class='ocrx_word' id='word_1_119' title='bbox 1138 2320 1170 2407; x_wconf 73' lang='grc' dir='ltr'><strong><em>δι’</em></strong></span> 
     </span>
    </p>
   </div>
   <div class='ocr_carea' id='block_1_5' title="bbox 65 2429 1211 2994">
    <p class='ocr_par' dir='ltr' id='par_1_9' title="bbox 65 2429 1211 2994">
     <span class='ocr_line' id='line_1_14' title="bbox 176 2429 929 2520; baseline -0.005 -18"><span class='ocrx_word' id='word_1_120' title='bbox 176 2432 282 2502; x_wconf 82' lang='grc' dir='ltr'><strong><em>αὐτοῦ</em></strong></span> <span class='ocrx_word' id='word_1_121' title='bbox 309 2431 516 2520; x_wconf 75' lang='grc' dir='ltr'><strong><em>παράλληλοι</em></strong></span> <span class='ocrx_word' id='word_1_122' title='bbox 541 2429 672 2520; x_wconf 80' lang='grc' dir='ltr'><strong><em>ἀχθῶσι</em></strong></span> <span class='ocrx_word' id='word_1_123' title='bbox 905 2457 929 2506; x_wconf 91' lang='lat' dir='ltr'><em>l</em></span> 
     </span>
     <span class='ocr_line' id='line_1_15' title="bbox 65 2540 886 2636; baseline -0.01 -23"><span class='ocrx_word' id='word_1_124' title='bbox 65 2577 68 2582; x_wconf 91' lang='lat'>·</span> <span class='ocrx_word' id='word_1_125' title='bbox 124 2568 157 2616; x_wconf 79' lang='lat'><strong><em>15</em></strong></span> <span class='ocrx_word' id='word_1_126' title='bbox 176 2555 248 2621; x_wconf 80' lang='grc' dir='ltr'><strong><em>ταῖς</em></strong></span> <span class='ocrx_word' id='word_1_127' title='bbox 265 2540 510 2628; x_wconf 80' lang='grc' dir='ltr'><strong><em>ἐφαπτομέναις</em></strong></span> <span class='ocrx_word' id='word_1_128' title='bbox 527 2541 671 2619; x_wconf 77' lang='grc' dir='ltr'><strong><em>ἕωςτών</em></strong></span> <span class='ocrx_word' id='word_1_129' title='bbox 712 2585 743 2636; x_wconf 70' lang='lat' dir='ltr'><em>A</em></span> <span class='ocrx_word' id='word_1_130' title='bbox 851 2584 886 2634; x_wconf 70' lang='lat' dir='ltr'><em>A</em></span> 
     </span>
     <span class='ocr_line' id='line_1_16' title="bbox 177 2647 671 2735; baseline -0.004 -21"><span class='ocrx_word' id='word_1_131' title='bbox 177 2648 379 2735; x_wconf 76' lang='grc' dir='ltr'><strong><em>διαμέτρων,</em></strong></span> <span class='ocrx_word' id='word_1_132' title='bbox 414 2651 450 2714; x_wconf 87' lang='grc' dir='ltr'><strong><em>τὸ</em></strong></span> <span class='ocrx_word' id='word_1_133' title='bbox 488 2647 671 2734; x_wconf 80' lang='grc' dir='ltr'><strong><em>γινόμενον</em></strong></span> 
     </span>
     <span class='ocr_line' id='line_1_17' title="bbox 175 2752 1211 2842; baseline 0 -24"><span class='ocrx_word' id='word_1_134' title='bbox 175 2753 421 2841; x_wconf 76' lang='grc' dir='ltr'><strong><em>τετράπλευρον</em></strong></span> <span class='ocrx_word' id='word_1_135' title='bbox 448 2753 533 2842; x_wconf 80' lang='grc' dir='ltr'><strong><em>πρός</em></strong></span> <span class='ocrx_word' id='word_1_136' title='bbox 554 2778 589 2820; x_wconf 85' lang='grc' dir='ltr'><strong><em>τε</em></strong></span> <span class='ocrx_word' id='word_1_137' title='bbox 613 2755 672 2841; x_wconf 77' lang='grc' dir='ltr'><strong><em>μιᾷ</em></strong></span> <span class='ocrx_word' id='word_1_138' title='bbox 774 2783 806 2836; x_wconf 64' lang='lat' dir='ltr'><em>E</em></span> <span class='ocrx_word' id='word_1_139' title='bbox 1209 2752 1211 2827; x_wconf 69' lang='lat' dir='ltr'><strong>j</strong></span> 
     </span>
     <span class='ocr_line' id='line_1_18' title="bbox 175 2859 1211 2994; baseline 0.002 -73"><span class='ocrx_word' id='word_1_140' title='bbox 175 2860 243 2923; x_wconf 81' lang='grc' dir='ltr'><strong><em>τῶν</em></strong></span> <span class='ocrx_word' id='word_1_141' title='bbox 267 2861 509 2945; x_wconf 80' lang='grc' dir='ltr'><strong><em>ἐφαπτομένων</em></strong></span> <span class='ocrx_word' id='word_1_142' title='bbox 534 2859 590 2926; x_wconf 84' lang='grc' dir='ltr'><strong><em>καὶ</em></strong></span> <span class='ocrx_word' id='word_1_143' title='bbox 613 2862 672 2949; x_wconf 81' lang='grc' dir='ltr'><strong><em>μιᾷ</em></strong></span> <span class='ocrx_word' id='word_1_144' title='bbox 1130 2943 1149 2994; x_wconf 70' lang='lat' dir='ltr'><em>Z</em></span> <span class='ocrx_word' id='word_1_145' title='bbox 1209 2944 1211 2951; x_wconf 33' lang='grc' dir='ltr'>Ι</span> 
     </span>
    </p>
   </div>
   <div class='ocr_carea' id='block_1_6' title="bbox 175 2950 910 3051">
    <p class='ocr_par' dir='ltr' id='par_1_10' title="bbox 175 2950 910 3051">
     <span class='ocr_line' id='line_1_19' title="bbox 175 2950 910 3051; baseline 0.005 -26"><span class='ocrx_word' id='word_1_146' title='bbox 175 2963 243 3026; x_wconf 79' lang='grc' dir='ltr'><strong><em>τῶν</em></strong></span> <span class='ocrx_word' id='word_1_147' title='bbox 268 2965 456 3051; x_wconf 73' lang='grc' dir='ltr'><strong><em>διαμέτρων</em></strong></span> <span class='ocrx_word' id='word_1_148' title='bbox 480 2974 556 3032; x_wconf 76' lang='grc' dir='ltr'><strong><em>ἴσον</em></strong></span> <span class='ocrx_word' id='word_1_149' title='bbox 580 2969 672 3032; x_wconf 79' lang='grc' dir='ltr'><strong><em>ἔσται</em></strong></span> <span class='ocrx_word' id='word_1_150' title='bbox 751 2950 824 3004; x_wconf 66' lang='grc' dir='ltr'><em>Μ</em></span> <span class='ocrx_word' id='word_1_151' title='bbox 876 2951 910 3003; x_wconf 65' lang='grc' dir='ltr'><em>Β</em></span> 
     </span>
    </p>
   </div>
   <div class='ocr_carea' id='block_1_7' title="bbox 124 3060 1171 3372">
    <p class='ocr_par' dir='ltr' id='par_1_11' title="bbox 124 3060 1211 3372">
     <span class='ocr_line' id='line_1_20' title="bbox 124 3060 1168 3161; baseline 0.004 -30"><span class='ocrx_word' id='word_1_152' title='bbox 124 3095 158 3144; x_wconf 80' lang='lat'><strong><em>20</em></strong></span> <span class='ocrx_word' id='word_1_153' title='bbox 175 3069 221 3157; x_wconf 75' lang='grc' dir='ltr'><strong><em>τῷ</em></strong></span> <span class='ocrx_word' id='word_1_154' title='bbox 241 3070 408 3157; x_wconf 77' lang='grc' dir='ltr'><em>γινομένῳ</em></span> <span class='ocrx_word' id='word_1_155' title='bbox 428 3070 579 3161; x_wconf 79' lang='grc' dir='ltr'><strong><em>τριγώνῳ</em></strong></span> <span class='ocrx_word' id='word_1_156' title='bbox 599 3068 683 3159; x_wconf 84' lang='grc' dir='ltr'><strong><em>πρός</em></strong></span> <span class='ocrx_word' id='word_1_157' title='bbox 700 3096 735 3138; x_wconf 83' lang='grc' dir='ltr'><strong><em>τε</em></strong></span> <span class='ocrx_word' id='word_1_158' title='bbox 754 3073 793 3159; x_wconf 75' lang='grc' dir='ltr'><strong><em>τῇ</em></strong></span> <span class='ocrx_word' id='word_1_159' title='bbox 812 3070 895 3157; x_wconf 78' lang='grc' dir='ltr'><strong><em>αὐτῇ</em></strong></span> <span class='ocrx_word' id='word_1_160' title='bbox 912 3073 1118 3159; x_wconf 77' lang='grc' dir='ltr'><strong><em>ἐφαπτομένῃ</em></strong></span> <span class='ocrx_word' id='word_1_161' title='bbox 1130 3060 1168 3135; x_wconf 72' lang='grc' dir='ltr'><strong><em>καὶ</em></strong></span> 
     </span>
     <span class='ocr_line' id='line_1_21' title="bbox 175 3170 644 3263; baseline 0.017 -26"><span class='ocrx_word' id='word_1_162' title='bbox 175 3173 215 3260; x_wconf 77' lang='grc' dir='ltr'><strong><em>τῇ</em></strong></span> <span class='ocrx_word' id='word_1_163' title='bbox 241 3170 334 3260; x_wconf 76' lang='grc' dir='ltr'><strong><em>ἑτέρᾳ</em></strong></span> <span class='ocrx_word' id='word_1_164' title='bbox 357 3177 425 3240; x_wconf 78' lang='grc' dir='ltr'><strong><em>τῶν</em></strong></span> <span class='ocrx_word' id='word_1_165' title='bbox 450 3178 644 3263; x_wconf 77' lang='grc' dir='ltr'><strong><em>διαμέτρων.</em></strong></span> 
     </span>
     <span class='ocr_line' id='line_1_22' title="bbox 245 3276 1171 3372; baseline 0.004 -28"><span class='ocrx_word' id='word_1_166' title='bbox 245 3282 327 3345; x_wconf 81' lang='grc' dir='ltr'><strong><em>ἔστω</em></strong></span> <span class='ocrx_word' id='word_1_167' title='bbox 351 3276 415 3364; x_wconf 81' lang='grc' dir='ltr'><strong><em>γὰρ</em></strong></span> <span class='ocrx_word' id='word_1_168' title='bbox 438 3279 553 3348; x_wconf 80' lang='grc' dir='ltr'><strong><em>κώνον</em></strong></span> <span class='ocrx_word' id='word_1_169' title='bbox 575 3283 660 3369; x_wconf 81' lang='grc' dir='ltr'><strong><em>τομὴ</em></strong></span> <span class='ocrx_word' id='word_1_170' title='bbox 684 3281 704 3369; x_wconf 79' lang='grc' dir='ltr'>ἢ</span> <span class='ocrx_word' id='word_1_171' title='bbox 728 3283 854 3351; x_wconf 81' lang='grc' dir='ltr'><strong><em>κύκλον</em></strong></span> <span class='ocrx_word' id='word_1_172' title='bbox 872 3287 1068 3372; x_wconf 78' lang='grc' dir='ltr'><strong><em>περιφέρεια</em></strong></span> <span class='ocrx_word' id='word_1_173' title='bbox 1086 3280 1105 3370; x_wconf 81' lang='grc' dir='ltr'><em>ἡ</em></span> <span class='ocrx_word' id='word_1_174' title='bbox 1123 3280 1171 3348; x_wconf 83' lang='grc' dir='ltr'><strong><em>ΑΒ</em></strong></span> 
     </span>
    </p>
   </div>
   <div class='ocr_carea' id='block_1_8' title="bbox 250 3468 739 3544">
    <p class='ocr_par' dir='ltr' id='par_1_12' title="bbox 250 3468 739 3544">
     <span class='ocr_line' id='line_1_23' title="bbox 250 3468 739 3544; baseline 0.008 -17"><span class='ocrx_word' id='word_1_175' title='bbox 250 3481 273 3531; x_wconf 78' lang='lat'><strong><em>5.</em></strong></span> <span class='ocrx_word' id='word_1_176' title='bbox 294 3468 342 3544; x_wconf 78' lang='grc' dir='ltr'><strong><em>ὡς]</em></strong></span> <span class='ocrx_word' id='word_1_177' title='bbox 362 3489 411 3543; x_wconf 84' lang='lat' dir='ltr'><strong><em>pc,</em></strong></span> <span class='ocrx_word' id='word_1_178' title='bbox 432 3488 502 3529; x_wconf 87' lang='lat' dir='ltr'><strong>corr.</strong></span> <span class='ocrx_word' id='word_1_179' title='bbox 522 3489 556 3527; x_wconf 80' lang='lat' dir='ltr'><strong><em>ex</em></strong></span> <span class='ocrx_word' id='word_1_180' title='bbox 577 3470 591 3528; x_wconf 82' lang='grc' dir='ltr'>ὁ</span> <span class='ocrx_word' id='word_1_181' title='bbox 612 3494 648 3531; x_wconf 88' lang='lat' dir='ltr'><strong><em>m.</em></strong></span> <span class='ocrx_word' id='word_1_182' title='bbox 669 3482 683 3528; x_wconf 95' lang='lat'>1</span> <span class='ocrx_word' id='word_1_183' title='bbox 704 3476 739 3535; x_wconf 89' lang='lat' dir='ltr'><strong><em>V.</em></strong></span> 
     </span>
    </p>
   </div>
   <div class='ocr_carea' id='block_1_9' title="bbox 0 0 1224 3892">
    <p class='ocr_par' dir='ltr' id='par_1_13' title="bbox 0 0 1224 3892">
     <span class='ocr_line' id='line_1_24' title="bbox 0 0 1224 3892; baseline 0 0"><span class='ocrx_word' id='word_1_184' title='bbox 0 0 1224 3892; x_wconf 95' lang='lat' dir='ltr'><strong><em> </em></strong></span> 
     </span>
    </p>
   </div>
  </div>
 </body>
</html>
