2438 3892
420 143 634 198 comconum
650 145 761 197 nmen
777 147 800 197 1.
1052 142 1113 207 131

100 286 208 365 [Eucl.
225 286 252 373 Ι,
273 287 343 369 41].
388 290 421 353 et
445 288 600 373 quoniam
623 293 674 353 est
693 284 768 353 ΓΘ2
782 312 790 353 :
805 295 838 353 A
844 287 884 352 Ζ2
899 319 941 341 =
956 293 1017 354 ΘΒ
1031 314 1039 355 :
1054 293 1116 354 ΒΖ

98 414 219 479 proper
242 394 419 459 rectionem
443 396 548 479 [prop.
561 393 647 479 XX],
666 399 699 460 ct

212 514 308 583 ΓΘέ
323 514 403 583 Az’
417 548 459 572 =
475 521 574 584 ΑΓΘ
587 538 596 582 t
610 523 712 583 ΕΔΖ
736 517 839 600 [IIucl.
857 518 915 605 VI,
940 522 1005 605 19],

136 732 163 795 ‘t
270 646 332 708 ΘΒ
345 666 354 707 1
368 647 430 708 ΒΖ
445 673 487 697 =
503 647 570 708 ΗΘ
584 667 591 707 :
606 647 674 708 HZ
698 643 803 725 [Eucl.
821 644 883 730 VI,
905 647 945 726 1],

98 752 146 797 en
363 823 852 887 Aro:nAZ=oH:ZH.

98 944 317 1030 permutando
340 944 442 1030 igitur
466 945 569 1026 [Eucl.
588 947 628 1032 V,
653 949 709 1029 16]

369 1072 492 1135 ΑΘΓε
508 1073 573 1136 ΒΓ
586 1101 628 1124 =
645 1076 853 1137 EAZ2HZ.

99 1194 150 1259 eet
174 1196 284 1258 eutem
307 1195 405 1259 ΑΓΘ
418 1224 461 1247 =
476 1198 551 1261 ΗΘ.
599 1216 677 1281 ergo
702 1200 804 1261 ΕΔΖ
819 1228 860 1249 =
880 1201 953 1264 ΗΖ.

549 1460 666 1526 XLIII.

168 1599 204 1667 Si
226 1605 315 1667 recte
337 1602 553 1688 hyperbolem
571 1604 624 1669 uel
643 1603 786 1688 ellipsim
804 1603 857 1667 uel
876 1603 1035 1667 ambitum
1054 1602 1113 1667 cir·

98 1708 167 1775 culi
195 1708 387 1794 contingens
410 1733 483 1775 cum
507 1710 664 1776 diametro
689 1710 864 1795 concurrit,
893 1713 925 1774 et
949 1733 969 1775 u
991 1713 1112 1793 puncto

98 1818 269 1881 contectus
300 1820 388 1881 recta
415 1817 456 1881 ed
485 1817 677 1883 diametrum
707 1818 855 1883 ordinate
883 1816 1022 1901 ducitur,
1054 1838 1113 1900 per

97 1920 256 1987 uerticem
279 1924 389 1987 eutem
408 1923 484 1988 huic
501 1925 660 2009 paralleloe
679 1925 806 1990 ducitur
823 1927 912 1991 recta
931 1946 1004 1989 cum
1023 1927 1113 1989 recta

96 2048 158 2113 per
185 2032 342 2113 punctum
365 2033 533 2096 contectus
557 2034 765 2116 centrumque
789 2031 885 2097 dueta
909 2053 1111 2114 concurrens,

97 2138 133 2200 et
160 2139 291 2220 sumpto
318 2135 354 2199 in
382 2136 523 2201 sectione
549 2140 671 2222 puncto
701 2138 810 2222 aliquo
836 2138 916 2203 duae
939 2142 1046 2203 rectae
1070 2137 1110 2201 ad

96 2239 291 2307 diametrum
310 2241 478 2322 ducuntur,
497 2266 633 2328 quarum
653 2244 758 2310 altere
775 2250 882 2310 rectae
897 2245 1110 2329 contingenti,

97 2348 203 2414 altere
224 2351 331 2414 rectae
355 2372 375 2413 a
396 2354 517 2433 puncto
541 2354 709 2416 contactus
734 2352 879 2417 ordinate
903 2351 1017 2416 ductae
1036 2372 1110 2434 par·

97 2456 199 2521 ollele
217 2458 276 2540 est,
294 2456 479 2541 triangulus
498 2457 539 2521 ab
553 2456 604 2522 his
620 2459 751 2523 effectus
766 2459 802 2522 iu
814 2455 996 2541 hyperbole
1009 2456 1109 2520 trien·

97 2562 176 2649 gulo
198 2584 221 2626 a
238 2566 327 2626 recta
344 2583 403 2646 per
422 2567 568 2628 centrum
586 2568 805 2648 punctumque
824 2566 993 2628 contactus
1013 2561 1110 2627 ducta

97 2667 227 2734 absciso
250 2668 358 2733 minor
380 2670 442 2735 erit
463 2670 629 2754 triangulo
652 2671 688 2733 in
710 2670 801 2734 radio
826 2668 986 2753 descripto
1012 2668 1110 2733 simili

96 2776 265 2862 triangulo
288 2775 338 2839 illi
362 2776 499 2860 absciso,
521 2777 556 2841 in
579 2776 687 2861 ellipsi
710 2780 818 2840 autem
843 2775 1030 2860 ambituque
1050 2775 1108 2840 cir·

97 2882 164 2949 culi
195 2880 347 2947 adiuncto
375 2882 539 2968 triangulo
568 2882 609 2948 ad
637 2886 782 2947 centrum
811 2882 936 2947 absciso
965 2883 1109 2966 aequalis

97 2988 161 3055 erit
186 2988 351 3072 triangulo
378 2989 414 3053 in
441 2991 531 3055 radio
561 2989 722 3073 descripto
746 2989 847 3053 simili
870 2989 1035 3074 triangulo
1058 2989 1109 3052 illi

98 3095 237 3161 absciso.

780 3254 933 3265 ...h-m
942 3256 1109 3262 .-.-.-.-.-.-.

98 3364 141 3415 12.
159 3355 193 3413 τό
213 3360 278 3427 (pr.)
300 3390 336 3400 -
358 3357 659 3430 παραλληλόγραμμον]
679 3376 733 3416 om.
753 3359 792 3424 V;
819 3375 887 3413 corr.
906 3376 925 3426 p
949 3350 1031 3424 (oden
1056 3352 1107 3423 τό).

134 3436 177 3487 lo.
197 3426 259 3500 Μ’]
279 3448 307 3500 p,
326 3447 379 3486 om
390 3432 423 3498 V,
442 3449 478 3485 m.
498 3437 514 3484 2
534 3449 559 3483 v.
595 3436 658 3485 ’26.
677 3426 707 3502 ἡ]
728 3426 746 3499 ἥ
764 3430 802 3497 V;
824 3445 893 3483 corr.
912 3447 940 3495 p.
993 3431 1034 3479 27.
1055 3425 1105 3497 τῷ]

97 3506 149 3557 τοῦ
166 3500 207 3568 Vr
227 3516 295 3555 corr.
314 3519 333 3571 p
352 3502 425 3572 („ei“
443 3502 571 3572 Memus).

914 3583 950 3636 9*
