2438 3892
158 134 222 198 158
549 134 717 188 ΚΩΝΙΚΩΝ
736 130 777 191 α’.

224 276 461 362 Δεδειγμένων
485 274 523 343 δέ
545 273 676 343 τούτων
700 275 884 361 συμφανές,
911 270 963 342 ότι
986 276 1024 343 ἐν
1048 273 1111 363 μὲν
1131 278 1169 364 τῇ

153 388 329 471 παραβολῇ
353 382 474 467 ἑκάστη
497 384 565 449 τῶν
587 380 678 469 παρὰ
701 378 764 468 τὴν
788 382 824 449 ἐκ
841 391 899 467 τῇς
916 381 1081 468 γενέσεως
1099 380 1166 449 διό·-

154 514 276 575 μετρον
304 484 528 574 ἀπαγομένων
555 484 702 555 εὐθειῶν
728 486 905 575 διάμετρός
927 490 1036 573 ἐστιν,
1065 491 1103 557 έν
1131 486 1165 555 δέ

152 598 191 683 τῇ
224 590 392 684 ὑπερβολῇ
425 595 481 662 καλ
508 598 548 682 τῇ
572 595 716 675 ἐλλείψει
742 593 799 661 καὶ
825 607 897 674 ταῖς
925 593 1168 681 ἀντικειμέναις

117 725 133 774 5
152 699 273 786 ἑκάστη
296 704 364 768 τῶν
386 698 445 770 διὰ
468 703 531 769 τοῦ
553 702 696 789 κέντρου
724 696 899 788 ἀγομένων
922 699 1087 786 εὐθειῶν,
1114 700 1166 767 καὶ

152 804 241 874 διότι
261 807 298 874 ἐν
317 804 378 892 μὲν
397 809 437 894 τῇ
455 809 631 893 παραβολῇ
655 807 693 873 αλ
707 805 932 892 καταγόμενοι
952 804 1006 891 ἐφ’
1025 805 1167 893 ἑκάστην

151 915 220 980 τῶν
248 912 436 999 διαμέτρων
463 909 553 998 παρὰ
580 909 638 992 τὰς
665 913 897 999 ἐφαπτομένας
922 910 963 980 τὰ
989 910 1082 1001 παρὰ
1106 909 1164 998 τὴν

154 1014 259 1104 αὐτὴν
281 1022 507 1104 παρακείμενα
535 1014 731 1103 ὀρθογώνια
755 1018 975 1105 δυνήσονται,
1004 1020 1043 1086 ἐν
1067 1018 1107 1086 δὲ
1128 1021 1166 1107 τῇ

152 1120 322 1211 ὑπερβολῇ
349 1124 406 1191 καὶ
427 1136 500 1203 ταῖς
522 1120 766 1211 ἀντικειμέναις
792 1125 833 1191 τδι
859 1122 949 1211 παρὰ
971 1125 1035 1212 τὴν
1058 1122 1164 1212 αὐτὴν

100 1251 133 1301 10
152 1233 378 1315 παρακείμενα
401 1235 507 1318 χωρία
528 1231 585 1298 καλ
607 1228 862 1319 ὑπερβάλλοντα
888 1234 933 1322 τῷ
958 1227 1050 1324 αὐτῷ
1075 1234 1167 1316 εῖδει,

152 1336 191 1403 ἐν
224 1335 261 1404 δὲ
292 1339 332 1425 τῇ
361 1339 504 1419 ἐλλείψει
531 1335 571 1404 τὰ
598 1336 689 1425 παρὰ
715 1337 778 1424 τὴν
806 1334 913 1424 αὐτὴν
940 1342 1167 1425 παρακείμενα

151 1441 207 1509 καὶ
230 1443 425 1512 ἐλλείποντα
447 1447 493 1535 τῷ
517 1440 606 1535 αὐτῷ
631 1447 728 1529 εῖδει,
756 1444 812 1510 καὶ
840 1441 927 1510 διότι
950 1441 1077 1528 πάντα,
1107 1440 1168 1511 ὅσα

151 1550 382 1636 προδέδεικται
409 1548 485 1635 περὶ
511 1546 570 1627 τὰς
596 1545 700 1635 τομὰς
731 1553 962 1635 συμβαίνοντα
994 1567 1169 1637 συμπαρα-

151 1657 370 1742 βαλλομένων
392 1658 460 1722 τῶν
483 1652 631 1741 ὐρχικιόν
654 1655 859 1740 διαμέτρων,
884 1655 1033 1722 καὶτῶν
1056 1655 1170 1723 ἄλλων

101 1784 134 1833 15
155 1762 343 1847 διαμέτρων
365 1761 723 1847 παραλαμβανομένων
746 1759 787 1828 τὰ
811 1757 895 1828 αὐτὰ
919 1762 1135 1848 συμβήσεται.

626 1955 695 2042 νβ’.

218 2073 368 2158 Εὐθείας
400 2082 557 2167 δοθείσης
589 2081 626 2147 ἐν
660 2080 803 2172 ἐπιπέδῳ
841 2076 920 2147 καθ’
956 2083 994 2148 ἐν
1027 2094 1170 2169 σημεῖον

150 2184 399 2273 πεπερασμένης
421 2182 533 2271 εὑρεῖν
557 2187 594 2253 έν
616 2189 662 2276 τῷ
681 2186 825 2278 ἐπιπέδῳ
844 2183 957 2253 κοίνου
975 2190 1085 2272 τομὴν
1104 2191 1167 2273 τὴν

151 2293 363 2379 καλουμένην
377 2291 586 2379 παραβολήν,
600 2283 640 2378 ἧς
655 2291 832 2381 διάμετρος
844 2290 864 2380 ἡ
880 2296 1023 2360 δοθεῖσα
1037 2290 1168 2375 εὐθεῖα,

98 2421 132 2471 20
150 2402 283 2487 κορυφὴ
308 2399 346 2467 δὲ
368 2398 406 2466 τὸ
429 2400 531 2487 πέρας
553 2409 611 2484 τῇς
634 2396 781 2485 εὐθείας,
803 2397 876 2486 ἥτις
900 2400 937 2467 δὲ
960 2399 1004 2466 δν
1024 2397 1091 2469 ὐπὸ
1111 2411 1170 2486 τῇς

149 2519 252 2595 τομῇς
273 2509 424 2594 καταχθῇ
449 2505 502 2573 ἐπὶ
524 2508 586 2590 τὴν
611 2505 793 2592 διόμετρον
819 2508 855 2573 ἐν
880 2509 1021 2594 δοθείση
1046 2513 1167 2596 γωνίᾳ,

151 2615 331 2700 δυνήσεται
348 2610 387 2680 τὸ
406 2611 643 2698 περιεχόμενον
659 2611 871 2699 ὀρθογώνιον
886 2609 952 2679 ὑπό
964 2638 999 2679 τε
1013 2624 1072 2698 τῇς
1087 2612 1169 2680 ὐπο-

150 2718 405 2805 λαμβανομένης
432 2715 490 2785 ὑπ’
517 2715 618 2804 αὐτῇς
645 2715 729 2807 πρὸς
755 2721 795 2806 τῇ
823 2721 956 2805 κορυφῇ
984 2729 1043 2804 τῇς
1065 2731 1168 2806 τομῇς

150 2823 206 2889 καὶ
230 2824 342 2910 ἑτέρας
363 2821 456 2902 τινὸς
479 2827 639 2910 δοθείσης
662 2823 807 2903 εὐθείας.

97 2952 131 3001 25
219 2933 301 2995 ἔστω
328 2929 423 2996 θέσει
451 2932 615 3017 δεδομένη
645 2928 762 2998 εὐθεῖα
790 2926 810 3016 ἡ
840 2937 905 2998 ΑΒ
932 2934 1164 3020 πεπερασμένη

150 3033 233 3102 κατὰ
252 3033 288 3101 τὸ
307 3044 350 3120 A,
375 3036 469 3121 ἑτέρα
493 3036 530 3103 δέ
553 3034 574 3123 ἡ
594 3042 654 3103 ΓΛ
678 3041 723 3128 τῷ
749 3037 895 3124 μεγέθει,
919 3034 940 3123 ἡ
965 3037 1002 3105 δέ
1022 3042 1164 3107 δοθεῖσα

151 3146 257 3226 γωνία
281 3145 364 3208 ἔστω
388 3141 554 3229 πρότερον
574 3140 675 3230 ὀρθή·
701 3148 755 3211 δεῖ
771 3146 812 3228 δὴ
833 3140 945 3228 εὑρεῖν
964 3145 1002 3212 ἐν
1021 3155 1068 3236 τῷ
1088 3143 1164 3214 ὑπο·

150 3269 363 3277 ..ὴ-..-

224 3343 247 3390 1
265 3332 394 3423 πόρισμα
418 3337 481 3392 add.
501 3356 528 3407 p.
619 3345 644 3393 3.
654 3334 861 3426 ὐγομένωνμ.
954 3345 994 3393 13.
1017 3357 1163 3410 συμπαρα-

151 3406 342 3479 βαλλομένων]
362 3412 569 3495 ονμπαραλαμβ
553 3408 837 3498 βανομένωνΗεΙλεγ.
894 3416 935 3465 16.
950 3413 985 3478 νβ
989 3408 1050 3480 ']p‚
1066 3429 1120 3466 om.
1130 3410 1162 3477 V,

150 3496 186 3533 m.
207 3485 267 3534 λε’.
341 3483 383 3535 23.
404 3474 504 3550 αὐτῆς]
524 3496 572 3551 cp,
590 3479 663 3550 αὐτῇ
684 3498 768 3551 supra
786 3482 890 3550 scripto
909 3499 924 3535 σ
943 3498 979 3535 m.
1000 3483 1069 3539 lV
