2438 3892
165 136 234 201 240
567 130 789 208 mmmm.

167 279 188 366 ἡ
209 287 273 347 AB
296 278 353 346 καὶ
376 283 459 347 ἔστω
482 276 646 366 πρότερον
669 274 727 345 διὰ
743 280 806 346 τοῦ
824 276 975 365 κέντρου.
1012 277 1107 362 λέγω,
1128 272 1172 343 ὅτι

87 425 90 432 ·
168 384 381 474 παράλληλός
405 387 495 453 έστιν
518 381 539 471 ἡ
563 389 630 453 ΓΔ
651 388 692 473 τῇ
716 391 787 452 ΕΖ.

236 493 307 561 ἐπεὶ
334 489 397 579 γὰρ
427 489 602 580 διάμετρός
630 492 720 559 ἐστιν
748 488 769 577 ἡ
797 498 863 558 ΑΒ
891 494 951 578 τῆς
978 493 1098 577 τομῆς,
1126 488 1173 557 καλ

170 597 349 687 ἐφάπτεται
372 596 454 666 κατὰ
478 596 516 666 τὸ
540 607 573 665 Α
595 594 616 684 ἡ
640 603 722 683 ΓΔ,
749 593 770 684 ἡ
796 601 860 664 ΓΔ
883 595 950 686 ἄρα
973 594 1174 684 παράλληλός

133 708 240 774 ὅέστι
265 719 338 785 ταῖς
366 704 419 772 ἐπὶ
446 703 508 791 τὴν
532 711 597 772 ΑΒ
625 708 830 791 τεταγμένως
852 704 1084 791 κατηγμέναις.
1126 699 1173 770 διὰ

169 811 210 881 τὰ
239 810 323 880 αὐτὰ
353 808 393 896 δὴ
422 812 477 878 καὶ
504 807 525 898 ἡ
550 817 612 877 ΒΖ
639 808 851 898 παράλληλός
874 810 943 878 ἐστι
965 823 1040 890 ταῖς
1063 806 1192 887 αὐταῖς·

169 918 225 986 καλ
248 914 268 1004 ἡ
294 925 360 985 ΓΛ
382 915 448 1004 ἄρα
471 920 511 1005 τῇ
535 924 597 984 ΕΖ
619 914 832 1005 παράλληλός
854 919 932 984 ἐστι.

237 1022 282 1111 μὴ
310 1025 458 1111 ἐρχέσθω
488 1021 530 1110 δὴ
560 1020 581 1110 ἡ
608 1031 674 1091 AB
703 1021 760 1090 διὰ
783 1027 844 1091 τοῦ
867 1024 1027 1110 κέντρου,
1055 1019 1100 1103 ὦς
1120 1026 1172 1109 ἔχει

172 1132 224 1200 ἐπὶ
247 1140 304 1217 τῆς
328 1131 485 1219 δευτέρας
509 1140 737 1217 καταγραφῆς,
765 1130 821 1197 καὶ
844 1127 939 1217 ἤχθω
964 1122 1170 1216 διάμετροςὴ

119 1253 153 1302 10
171 1244 252 1324 ΛΘ,
275 1236 331 1304 καὶ
350 1235 407 1304 διὰ
425 1239 486 1305 τοῦ
506 1243 534 1303 Θ
553 1225 764 1324 ἐφαπτομένη
784 1232 805 1322 ἡ
823 1241 939 1302 ΚΘΛ·
976 1235 1172 1325 παράλληλος

172 1342 237 1430 ἄρα
271 1345 361 1412 έστλν
389 1340 409 1430 ἡ
439 1350 508 1409 ΚΛ
535 1346 574 1431 τῇ
603 1349 677 1410 ΓΔ.
727 1338 748 1428 ἡ
777 1339 843 1428 ἄρα
870 1349 933 1409 ΕΖ
961 1342 1169 1429 ἐκβαλλομένη

173 1465 386 1538 συμπεσεῖται
418 1453 456 1539 τῇ
485 1456 548 1516 ΓΛ
580 1449 632 1517 έπλ
659 1448 699 1516 τὰ
727 1445 811 1517 αὐτοὶ
840 1449 921 1537 μέρη
944 1460 1008 1517 τοῦ
1036 1451 1169 1535 κέντρον,

173 1560 209 1626 έν
234 1553 285 1638 οἷς
307 1560 397 1626 ἐστιν
420 1553 441 1644 ἡ
465 1564 539 1624 ΑΒ.

648 1760 712 1819 κη.

121 1887 155 1936 15
239 1875 318 1944 Ἐὰν
356 1878 392 1945 έν
423 1877 536 1944 κοτ’νου
568 1886 653 1963 τομῇ
685 1871 705 1962 ἢ
738 1873 864 1944 κύκλον
896 1881 1092 1967 περιφερείᾳ
1121 1871 1169 1941 δύο

173 1984 407 2071 παραλλήλους
426 1980 561 2061 εὐθείας
579 1979 697 2049 εὐθεῖαί
716 2007 766 2064 τις
785 1986 861 2070 δίχα
879 1984 993 2071 τέμνη,
1015 1981 1172 2070 διάμετρος

105 2089 109 2099 ’
174 2095 265 2157 ἔσται
287 2093 345 2176 τῆς
367 2099 479 2175 τομῆς.

240 2199 277 2265 έν
304 2195 369 2282 γὰρ
392 2194 505 2264 κώνου
532 2206 615 2284 τομῇ
645 2193 707 2263 δύο
737 2192 867 2263 εὐθεῖαι

151 2305 379 2392 Ιπαράλληλοι
408 2306 445 2371 αἱ
466 2309 546 2388 ΑΒ,
566 2309 627 2369 ΓΔ
655 2304 731 2388 δίχα
755 2301 866 2387 τετμη·
912 2341 952 2397 ff

118 2425 155 2474 λθ
175 2423 315 2481 σθωσαν
341 2408 424 2479 κατὰ
446 2407 486 2477 τὰ
510 2417 554 2494 Ε,
575 2417 617 2496 Ζ,
647 2411 702 2476 καλ
727 2410 866 2495 έπιζευχ-
904 2378 1072 2563 Δ

174 2529 274 2588 θεῖσα
297 2516 317 2606 ἡ
338 2526 399 2585 ΕΖ
424 2516 648 2604 ἐκβεβλήσθω.
694 2515 790 2600 λέγω,
815 2512 866 2582 ὅτι

175 2623 351 2714 διάμετρός
374 2627 442 2693 ἐστι
465 2628 523 2711 τῆς
545 2627 655 2710 τομῆς.

238 2737 268 2798 εἰ
289 2730 354 2817 γὰρ
382 2729 442 2817 μή,
471 2735 569 2814 ἔστω,
598 2733 629 2796 εἰ
656 2729 817 2815 δυνατόν,
847 2727 868 2815 ἡ

93 2905 95 2909 ,
176 2843 285 2905 ΗΖΘ.
335 2833 356 2922 ἡ
385 2835 451 2923 ἄρα
483 2833 565 2903 κατὰ
593 2833 631 2903 τὸ
660 2843 699 2903 Η
727 2839 867 2922 ἐφαπτο-

117 2955 156 3004 25
175 2942 257 3026 μένη
281 2940 491 3028 παράλληλός
515 2944 583 3010 ἐστι
606 2952 645 3030 τῇ
669 2949 742 3010 AB.
785 2939 869 3009 ὥστε

175 3045 196 3134 ἡ
225 3045 308 3133 αὐτὴ
336 3047 549 3133 παράλληλός
572 3051 641 3116 ἐστι
664 3060 704 3136 τῇ
728 3054 797 3116 ΓΔ.
843 3053 902 3115 καί
922 3049 991 3115 ἐστι
1016 3046 1180 3135 διάμετρος

177 3151 301 3241 ἡΗΘ·
344 3161 399 3240 ἴση
423 3152 488 3242 ἄρα
510 3152 531 3239 ἡ
554 3161 616 3221 ΓΘ
638 3160 677 3242 τῇ
701 3162 781 3221 ΘΔ·
823 3153 904 3241 ὅπερ
928 3153 1069 3222 ἄτοπον·
1111 3148 1180 3222 ὑπέ

173 3286 280 3329 κειται
298 3257 362 3348 γὰρ
382 3258 402 3347 ἡ
418 3267 482 3327 ΓΕ
498 3272 537 3348 τῇ
553 3268 621 3327 ΕΔ
641 3270 704 3347 λ’ση.
742 3259 804 3329 οὐκ
823 3259 888 3346 ἄρα
907 3260 1086 3349 διάμετρός
1103 3264 1182 3328 έστιν

250 3499 293 3549 24.
314 3490 411 3562 ΗΖΘ]
431 3508 459 3560 p,
480 3493 566 3545 ΗΘΖ
584 3489 618 3545 V.
