2438 3892
500 711 784 785 PRAEFATIO.

201 885 322 952 Oonica
349 887 519 970 Apollonii
545 886 696 971 Pergam,
730 907 812 971 quae
844 877 1150 952 mathematicorum

133 1014 290 1058 consensu
328 993 464 1057 summis
496 992 748 1077 iustissimisque
781 992 958 1057 efferuntur
989 992 1149 1076 laudibus,

132 1103 210 1184 post
244 1097 409 1180 Halleium
450 1099 612 1167 neminem
655 1099 813 1186 editorem
854 1088 1058 1164 inuenerunt.
1118 1102 1151 1164 et

132 1204 274 1270 fortasse
310 1203 567 1291 mathematicis,
605 1205 660 1289 qui
689 1226 740 1270 res
774 1206 861 1270 solas
895 1209 1056 1290 spectant,
1094 1206 1150 1270 ali·

87 1362 91 1370 .
133 1301 293 1397 quatenus
325 1310 649 1396 interpretationibus
683 1310 762 1375 satis
794 1310 845 1394 fit3
880 1311 936 1375 sed
968 1333 1009 1376 ne
1042 1311 1081 1375 de
1108 1311 1150 1375 iis

133 1418 248 1502 dicam,
267 1439 405 1503 quorum
422 1417 561 1481 interest
580 1416 671 1495 sciro,
691 1416 809 1501 quibus
827 1416 935 1483 uerbis
952 1415 1148 1501 Apollonius

131 1504 203 1609 ipsa
230 1545 308 1589 usus
337 1523 394 1607 sit,
422 1526 456 1588 et
484 1544 549 1608 qua
575 1524 713 1611 ratione
726 1522 885 1588 formulas
910 1523 1067 1609 signaque
1092 1544 1147 1588 no·

100 1633 274 1718 atrorum
301 1629 606 1695 mathematicorum
635 1650 772 1714 aequare
794 1629 951 1714 potuerit,
977 1628 1059 1712 ipsis
1082 1629 1149 1694 illis

131 1736 457 1821 interpretationibus
489 1736 736 1801 fundamentum
769 1739 894 1801 certum
926 1735 1060 1800 tandem
1091 1736 1149 1800 ali·

132 1842 261 1925 quando
285 1841 406 1906 iactum
428 1863 499 1906 esse
519 1845 661 1928 oportet3
685 1842 771 1926 quod
790 1840 946 1925 Halleius,
970 1843 1025 1927 qui
1045 1841 1149 1907 adhue

132 1947 220 2012 solus
245 1944 366 2013 (tonica
386 1947 507 2013 Graece
531 1949 639 2033 edidit,
662 1936 767 2032 neque
790 1948 897 2013 uoluit
921 1947 1025 2013 facere
1043 1970 1147 2033 neque

130 2056 198 2147 pot·¹
211 2053 251 2136 it,
277 2075 359 2138 quae
383 2057 453 2119 erat
468 2055 542 2135 ,illis
565 2055 767 2141 temporibus
791 2056 876 2121 ratio
901 2055 982 2121 artis
1006 2055 1147 2120 criticae.

88 2179 96 2186 ·
130 2159 241 2244 itaquo
264 2153 384 2225 nouam
408 2160 583 2225 editionem
607 2159 803 2227 (lonicorum
825 2162 990 2227 codicibus
1013 2160 1146 2226 Graecis

80 2295 81 2300 ¹
131 2251 339 2348 perlustratis
353 2270 395 2331 ’et
418 2267 548 2331 collatis
572 2289 687 2351 parare
707 2268 841 2345 decreui,
864 2264 1056 2353 praesertim
1076 2287 1149 2331 oum

98 2450 100 2455 Ι
131 2370 290 2453 uiderem,
318 2372 492 2438 editionem
516 2372 636 2438 Halleii
659 2376 728 2439 tam
751 2396 858 2439 raram
883 2395 967 2458 esse,
990 2376 1028 2436 ut
1050 2372 1149 2436 etiam

131 2477 306 2544 immodico
335 2477 440 2562 pretio
470 2479 523 2543 uix
552 2500 589 2544 ac
616 2500 657 2543 no
685 2479 740 2544 uix
768 2480 897 2565 quidem
925 2481 1037 2563 posset
1065 2499 1148 2543 oom-

130 2583 248 2668 parari.
304 2583 359 2647 sed
395 2584 437 2648 ab
469 2583 563 2650 initio
596 2584 677 2649 mibi
711 2585 900 2668 constabat,
933 2605 987 2649 eos
1019 2587 1147 2649 tantum

130 2675 247 2775 libros,
279 2690 334 2773 qui
368 2689 489 2755 Graeco
522 2693 701 2777 exstarent,
733 2689 815 2755 mihi
846 2691 1034 2756 tractandos
1067 2712 1145 2755 osse.

119 2805 209 2861 'nam
233 2817 428 2881 quamquam
454 2817 504 2860 me
527 2819 593 2862 non
618 2797 774 2882 fugiebat,
797 2797 971 2863 editionem
990 2798 1038 2862 ita
1057 2818 1147 2860 man-

132 2923 204 2967 cam
228 2904 261 2966 et
279 2903 371 2985 quasi
390 2903 712 2987 detruncatamfore,
735 2907 846 2969 tamen
865 2927 884 2969 a
901 2926 953 2969 me
971 2904 1146 2988 impetrare

130 3029 197 3073 non
216 3009 317 3092 potui,
335 3013 371 3074 ut
388 3010 691 3095 interpretationem
706 3011 862 3076 librorum
877 3008 1029 3094 V-VII,
1049 3029 1147 3093 quam

132 3136 172 3179 ex
197 3112 340 3199 Arabico
371 3116 494 3181 fecerat
520 3115 682 3202 Halleiua,
714 3118 814 3183 nullis
843 3117 996 3182 subsidiis
1024 3114 1145 3181 criticis

89 3246 115 3318 ᾗ
131 3220 261 3286 adiutus
278 3223 466 3304 repeterem.
504 3227 537 3287 et
552 3224 678 3290 codices
691 3222 853 3289 Arabicos
867 3227 1000 3308 propter
1014 3223 1146 3307 linguae

103 3327 222 3409 ¹illius
244 3327 466 3414 ignorantiam
489 3327 558 3412 ipse
582 3330 670 3394 adire
694 3352 758 3396 non
782 3331 882 3415 potui.
922 3327 1146 3413 imperfectum

129 3433 232 3518 igitur
263 3435 396 3498 maneat
426 3454 523 3518 opus,
554 3435 655 3500 donec
683 3435 801 3520 aliquis
829 3435 959 3520 linguae
986 3433 1148 3498 Arabicae

507 3661 809 3786 406239
959 3551 984 3588 i
