2438 3892
83 160 96 177 '
125 180 190 244 154
438 223 443 232 .
519 178 687 233 Κοαιιιοα
705 171 747 234 α’.
829 181 831 184 ’

123 328 239 392 ΛΜΡ.
284 322 339 391 καὶ
367 320 523 405 ἐναλλάξ,
557 316 602 400 ὡς
628 316 667 387 τὸ
694 316 760 387 ὑπὸ
789 317 1054 406 συναμφοτέρου
1083 320 1139 404 τῆς

124 436 209 518 ΜΟ,
233 436 302 500 ΕΣ
326 429 382 497 καὶ
404 432 463 516 τῆς
485 433 561 496 ΜΕ
587 424 670 512 πρὸς
692 422 730 494 τὸ
754 423 821 494 ἀπὸ
845 431 938 511 ΜΛ,
972 422 1082 506 οὕτως
1103 429 1138 493 τὸ

123 534 190 605 ὑπὸ
218 534 477 624 συναμφοτέρου
503 537 562 620 τῆς
588 534 674 618 ΜΞ,
694 538 763 599 ΕΔ
789 531 846 599 καὶ
872 535 931 618 της
954 538 1034 599 ΜΕ
1060 530 1141 621 πρὸς

123 641 162 712 τὸ
180 639 246 712 ὑπὸ
262 648 377 711 ΛΜΡ.
414 650 492 710 ίσον
516 641 553 709 δέ
571 637 610 708 τὸ
628 635 694 707 ὑπὸ
714 641 825 706 ΛΜΡ
843 641 890 729 τῷ
909 636 976 706 ὑπὸ
990 650 1051 726 της
1063 645 1139 708 ΜΕ

89 767 105 817 5
124 749 180 818 καὶ
199 750 458 837 συναμφοτέρου
477 758 535 834 τῆς
555 748 635 832 ΜΞ,
655 751 736 812 ΕΔ·
764 753 840 813 ίσον
859 743 925 833 ἄρα
943 749 1000 813 καί
1019 749 1059 814 τὸ
1076 743 1138 813 ἀπὸ

124 861 203 925 ΛΜ
217 858 263 947 τῷ
281 851 348 922 ὑπὸ
363 860 440 922 ΕΜ
454 853 510 921 καὶ
525 852 784 940 συναμφοτέρου
800 863 856 938 τῆς
871 859 915 920 Μ
918 859 957 938 0,
976 859 1053 922 ΕΣ.
1085 856 1141 920 καί

126 962 217 1029 ἐστιν
238 956 260 1047 ἡ
284 959 346 1047 μὲν
368 956 440 1027 ΣΕ
460 963 500 1048 τῇ
522 965 589 1027 ΣΘ
612 968 679 1046 ίση,
703 955 724 1045 ἡ
749 958 786 1027 δέ
805 965 871 1026 ΣΘ
887 962 932 1045 τῇ
954 965 1036 1028 ΟΠ·
1064 968 1138 1028 ἴσον

124 1067 191 1154 έίρα
213 1063 251 1135 τὸ
276 1061 341 1133 ιἰπὸ
366 1072 447 1133 ΛΜ
463 1069 509 1156 τῷ
532 1063 598 1134 ὑπὸ
620 1071 743 1132 ΕΜΠ.

602 1287 670 1332 να.

72 1407 106 1455 10
188 1381 268 1455 Ἐὰν
297 1383 525 1473 ὃποτερασοῦν
554 1388 623 1455 τῶν
649 1382 891 1473 ἀντικειμένων
921 1382 1041 1454 εὐθεῖα
1074 1387 1141 1454 έπι·

125 1491 282 1575 ψαύουσα
300 1499 469 1583 συμπίπτῃ
488 1496 527 1582 τῇ
547 1490 722 1581 διαμέτρῳ,
746 1492 802 1559 καὶ
822 1490 878 1560 διὰ
895 1490 957 1579 μέν
976 1504 1035 1580 τῆς
1054 1487 1142 1580 ἁφῆς

123 1600 180 1668 καὶ
207 1603 268 1669 τοῦ
295 1601 436 1690 κέντρου
464 1601 612 1688 ἐκβληθῇ
636 1625 686 1677 τις
713 1596 832 1666 εὐθεῖα
860 1600 924 1678 ἕως
947 1610 1007 1686 τῆς
1030 1599 1143 1689 ἐτέρας

129 1719 243 1794 τομῆς,
270 1703 336 1774 ἀπὸ
357 1705 394 1774 δέ
417 1717 474 1793 τῆς
496 1717 648 1793 κορυφῆς
674 1701 793 1773 εὐθεῖα
816 1703 954 1795 ἄναχθη·
978 1703 1069 1794 παρὰ
1093 1731 1143 1774 τε-

126 1812 296 1898 ταγμένως
316 1811 529 1897 κατηγμένην
555 1811 612 1878 καί
635 1817 804 1900 συμπίπτη
828 1816 868 1900 τῇ
892 1811 949 1880 διὰ
971 1824 1031 1900 τῆς
1052 1809 1143 1899 ἁφῆς

74 1937 107 1986 15
125 1916 182 1983 καὶ
203 1921 266 1984 τοῦ
288 1916 431 2004 κέντρου
453 1914 581 2005 ἠγμένη
608 1913 742 2008 εὐθείᾳ,
774 1918 831 1987 καὶ
858 1922 1004 2008 γενηθῇ,
1033 1916 1079 2000 ὡς
1106 1919 1144 1988 τὸ

128 2033 238 2109 τμῆμα
261 2033 319 2108 τῆς
340 2023 573 2110 ἐφαπτομένης
594 2021 632 2091 τὸ
657 2022 780 2110 μεταξὺ
800 2035 858 2111 τῆς
876 2024 1068 2113 ἀνηγμένης
1087 2026 1144 2095 καὶ

125 2139 183 2214 τῆς
211 2124 300 2216 ἅνλι
326 2127 411 2216 νοὸς
437 2127 476 2199 τὸ
503 2141 613 2217 τνλνα
643 2142 701 2218 τοι
725 2128 871 2219 λιμένος
895 2128 951 2199 διὰ
974 2142 1032 2218 τῆς
1055 2128 1146 2221 ἁφῆς

127 2234 183 2303 καὶ
215 2238 278 2304 τοῦ
307 2236 450 2325 κέντρου
479 2236 517 2307 τὸ
547 2236 669 2325 μεταξὺ
700 2249 758 2325 τῆς
790 2235 879 2327 ἁφῆς
909 2240 966 2307 καὶ
997 2252 1056 2328 τῆς
1087 2240 1146 2310 ἄν·

125 2346 282 2431 ηγμένης,
306 2342 424 2412 εὐθεῖαί
448 2373 498 2425 τις
520 2347 604 2433 πρὸς
626 2344 689 2433 την
715 2350 896 2414 διπλασίαν
921 2359 978 2433 τῆς
1001 2349 1145 2434 ἐφαπτο-

73 2469 107 2518 20
126 2453 237 2540 μένης,
260 2448 333 2539 ἥτις
355 2446 398 2519 ι’ἓν
423 2452 459 2521 ἐν
482 2454 521 2541 τῇ
546 2452 640 2544 ἑτέρᾳ
662 2457 731 2523 τῶν
754 2457 867 2540 τομῶν
891 2449 982 2542 ἀχθῇ
1007 2454 1065 2521 ἐπί
1079 2453 1145 2541 τὴν

128 2557 185 2627 διὰ
208 2571 265 2646 τῆς
288 2554 375 2646 ἁφῆς
401 2559 458 2626 καὶ
480 2562 542 2628 τοῦ
564 2560 706 2648 κέντρου
729 2557 879 2647 ἡμμένην
903 2557 1043 2628 εὐθεῖαν
1062 2584 1146 2650 παρ-

87 2749 89 2753 .
127 2664 272 2752 ἄλληλος
297 2675 337 2755 τῇ
365 2666 591 2753 ἐφαπτομένη,
625 2664 806 2753 δυνήσεται
832 2664 870 2732 τὸ
897 2670 1146 2752 παρακείμενον

127 2769 346 2856 ὀρθογώνιον
374 2771 463 2859 παρὰ
490 2771 552 2857 τὴν
579 2780 888 2859 προσπορισθεῖσαν
916 2770 1039 2852 πλάτος
1065 2777 1147 2859 ἔχον

70 2872 75 2877 ’
128 2874 191 2961 τὴν
219 2872 544 2965 ἀπολαμβανομένην
571 2876 626 2945 ὑπ’
655 2877 756 2966 αὐτῆς
779 2877 862 2965 πρὸς
884 2882 923 2967 τῇ
948 2875 1019 2967 ἁφῇ
1043 2875 1145 2969 ὑπερ-

76 2998 111 3048 25
130 2983 257 3069 βάλλον
285 2985 367 3048 είὸει
395 2980 500 3075 ὁμοίςο
523 2989 569 3076 τῷ
593 2985 818 3074 περιεχομένῳ
845 2981 911 3053 ὑπὸ
940 2998 999 3073 τῆς
1022 2986 1147 3072 μεταξὺ

126 3091 195 3156 τῶν
218 3086 459 3173 ἀντικειμένων
481 3089 538 3156 καὶ
561 3102 619 3177 τῆς
641 3097 947 3179 προσπορισθείσης
971 3091 1118 3174 εὐθείας.

193 3198 344 3262 ἔστωσαν
357 3193 593 3283 ἀντικείμενοι,
613 3189 661 3265 ὧν
676 3196 852 3285 διάμετρος
866 3195 887 3284 ἡ
903 3206 935 3265 A
940 3206 979 3284 Β,
999 3198 1143 3288 κέντρον

198 3397 223 3446 2.
252 3385 324 3463 ἀπό]
348 3385 405 3444 ὑπό
425 3389 463 3457 V;
491 3407 561 3447 corr.
580 3409 599 3461 p
618 3388 687 3460 (ἀπὸ
705 3394 775 3462 τῆς).
848 3400 872 3448 9.
901 3392 963 3464 ου’]
984 3412 1016 3464 p,
1037 3412 1093 3451 om.
1108 3396 1142 3464 V,

127 3481 164 3516 m.
184 3467 200 3516 2
219 3480 245 3520 v.
320 3467 360 3517 14.
380 3461 542 3530 νατηγμένη
561 3462 599 3530 V?
619 3478 687 3520 corr.
703 3481 731 3533 p.
804 3469 847 3519 23.
866 3466 1142 3540 προσπορισθεῐσαν]

128 3532 240 3603 scripsi3
259 3534 502 3605 προπορισθεῐοαν
521 3532 553 3588 V.
