2446 3916
389 187 604 239 ooruooaun
621 188 731 238 amna
748 189 784 239 n.
1026 185 1092 251 283

75 331 238 417 positione
258 329 335 395 date
351 333 413 416 est3
432 351 530 414 quare
546 336 578 395 A
597 330 709 394 datum
724 333 776 394 est
796 329 872 411 [dat.
887 330 953 410 25].
981 353 1093 395 uerum

77 440 175 504 etiam
205 442 232 502 Z
261 437 373 502 datum
405 441 468 523 est3
506 458 583 522 ergo
611 437 774 521 positione
803 437 880 501 data
912 440 962 501 est
995 441 1096 501 ΖΑΕ

77 546 157 626 [dat.
180 544 248 625 26].

144 653 357 735 componetur
379 649 441 715 hoc
464 649 574 713 modo:
599 649 642 713 sit
661 653 727 713 ΑΒ
751 649 866 733 sectio,
890 653 923 713 et
942 654 1014 733 ΕΘ,
1033 653 1094 713 ΘΖ

77 760 298 843 asymptotae,
331 760 364 819 et
394 755 505 820 datum
537 760 693 840 punctum
714 760 751 838 ΙΖ
783 756 817 820 in
851 758 953 821 altera
985 777 1094 840 asym-

77 868 244 949 ptotarum
282 863 458 928 sectionem
492 863 727 928 continentium
756 863 916 946 positum,
954 867 1095 927 secetur-

78 993 140 1055 que
163 970 197 1034 in·
216 975 249 1034 Δ
268 971 302 1033 in
321 969 400 1033 duas
419 973 528 1052 partes
548 969 700 1054 aequales
720 973 789 1048 ΖΘ,
809 972 842 1033 et
859 991 917 1052 per
935 973 969 1032 Δ
987 965 1096 1035 rectae

76 1080 144 1142 ΘΕ
163 1076 319 1161 parallela
342 1074 479 1140 ducatur
503 1080 582 1158 ΛΑ,
605 1074 803 1159 duceturque
828 1078 900 1139 ZA.
938 1078 971 1139 et
994 1097 1095 1159 quon·

77 1183 144 1248 iam
160 1187 209 1247 est
224 1187 292 1246 ΖΔ
306 1211 348 1234 =
365 1186 398 1244 A
403 1185 439 1262 Θ,
455 1180 518 1245 erit
532 1181 631 1244 etiam
646 1185 711 1245 ΖΑ
726 1212 768 1234 =
783 1186 852 1246 ΑΕ
865 1180 969 1262 [Eucl.
983 1180 1040 1264 VI,
1049 1183 1095 1262 2]

78 1310 156 1374 ergo
172 1292 304 1373 propter
319 1309 366 1370 ea,
381 1308 463 1371 quae
479 1309 576 1371 supra
592 1287 885 1352 demonstrauimus
902 1289 1008 1373 [prop.
1022 1287 1096 1371 IX],

80 1400 182 1460 ΖΑΕ
203 1393 379 1460 sectionem
404 1393 574 1478 contingit.

145 1501 259 1565 iisdem
293 1501 472 1585 suppositis
506 1499 616 1563 datum
649 1501 807 1583 punctum
838 1499 873 1562 in
900 1499 1006 1582 spatio
1035 1499 1095 1563 sub

79 1609 200 1694 angulo
224 1607 347 1690 posito,
375 1607 430 1690 qui
453 1605 604 1689 deinceps
629 1608 679 1669 est
701 1605 798 1669 rectis
822 1605 999 1685 sectionem
1023 1626 1096 1670 con-

78 1714 268 1797 tinentibus,
290 1714 434 1797 positum
459 1714 510 1795 sit,
535 1716 567 1776 et
591 1711 634 1775 sit
657 1714 699 1776 K.
745 1715 875 1796 oportet
897 1712 1000 1796 igitur
1023 1734 1042 1776 a
1065 1714 1100 1774 K
1170 1704 1174 1711 ’

747 1821 871 1883 rectem
919 1819 1097 1883 sectionem

748 1925 990 2010 contingentem
1039 1924 1096 1988 du-

743 2054 822 2097 cere.
855 2035 888 2096 et
906 2031 1028 2096 factum
1045 2030 1096 2111 sit,

749 2139 853 2222 sitque
863 2143 896 2204 K
900 2145 939 2220 A,
954 2142 987 2202 et
1001 2138 1097 2219 ducta

747 2244 1095 2327 deroducatumita-

748 2372 809 2432 que
832 2350 994 2433 positione
1022 2349 1098 2412 data

614 2462 633 2493 s
750 2456 812 2519 erit
844 2455 923 2534 [dat.
951 2455 1018 2535 26].
1070 2455 1098 2517 si

749 2562 849 2644 igitur
883 2560 917 2623 in
956 2562 1097 2624 sectione

24 2706 32 2719 ·
80 2675 194 2740 datum
216 2676 374 2758 punctum
397 2673 430 2734 Γ
449 2669 596 2756 sumitur,
625 2673 657 2732 et
680 2689 738 2752 per
761 2670 792 2731 Γ
807 2671 915 2730 rectae
939 2670 1005 2730 ΚΘ
1027 2688 1098 2750 par·

81 2780 178 2845 allelu
205 2779 331 2844 ducitur
354 2780 433 2861 ΓΛ,
461 2776 624 2860 positione
654 2774 730 2838 data
758 2773 820 2837 erit
849 2772 928 2853 [dat.
952 2773 1019 2854 28].
1066 2776 1099 2837 et

82 2887 111 2951 si
129 2887 197 2950 ΓΔ
219 2886 254 2950 in
274 2889 306 2949 E
325 2883 360 2949 in
383 2883 463 2947 duas
483 2886 592 2966 partes
611 2879 762 2964 aequales
784 2881 921 2963 secatur,
941 2879 1098 2964 ductaque

81 2996 148 3058 ΘΕ
163 2991 361 3076 producitur,
384 2990 546 3073 positione
567 2988 644 3052 data
664 2987 726 3050 erit
746 2986 822 3067 [dat
843 2987 872 3070 7,
891 2986 959 3071 26],
983 2990 1016 3051 et
1035 2987 1099 3052 dia·

82 3102 205 3164 metrus
238 3099 300 3163 erit
332 3118 403 3161 cum
427 3099 494 3159 ΚΘ
522 3095 698 3179 coniugata
730 3093 760 3175 [I
785 3093 846 3160 def.
867 3095 913 3175 6].
958 3099 1100 3179 ponatur

81 3207 183 3290 igitur
219 3207 292 3268 ΘΗ
302 3207 438 3285 ΞΒΘ,
475 3205 508 3267 et
544 3224 602 3286 per
638 3206 670 3265 A
706 3204 814 3267 rectae
846 3206 909 3266 ΒΘ
940 3201 1100 3285 parallelo

82 3312 219 3377 ducatur
255 3314 333 3377 AA.
391 3310 500 3393 itaque
538 3308 692 3393 quoniam
727 3311 813 3387 ΚΛ,
845 3310 920 3372 ΒΗ
951 3307 1100 3372 diametri

82 3418 278 3503 coniugatao
301 3419 385 3499 sunt,
408 3418 441 3480 et
459 3419 532 3481 ΑΚ
549 3414 750 3500 contingens,
773 3418 843 3479 AA
864 3418 972 3479 autem
992 3417 1100 3476 rectae

82 3527 159 3591 ΒΗ
185 3523 354 3607 parallelo,
387 3523 450 3587 erit
482 3521 525 3608 [I,
554 3523 611 3605 383
645 3521 715 3586 deff.
747 3521 802 3585 alt.
831 3520 865 3599 3]
895 3520 1103 3586 ΚΘ><ΘΛ
