2438 3892
411 163 626 217 comcoauu
643 166 752 217 aman
765 166 807 236 n.
925 120 931 129 ⁵
1049 165 1112 230 221

564 341 653 408 XVI,
737 364 741 371 ·

167 445 201 513 Si
217 447 252 512 in
266 422 425 532 oppositis
440 451 530 513 recta
543 444 671 514 ducitur
679 452 850 533 utramque
860 453 982 515 rectam
993 414 1116 537 secans,

94 576 184 641 quac
203 554 359 640 angulum
377 555 506 655 angulis
526 556 685 620 sectiones
704 556 943 622 continentibus
964 557 1114 642 deinceps

96 661 245 747 positum
269 660 552 745 comprehendunt,
576 683 649 726 cum
672 665 809 747 utraque
828 663 980 747 opposita
998 665 1032 728 in
1051 686 1115 729 uno

83 768 173 835 ·solo
201 770 324 851 puncto
353 771 535 851 concurret,
564 771 596 833 et
618 771 726 832 rectae
751 791 789 833 ex
813 791 851 834 ea
874 792 893 833 a
918 770 1115 835 sectionibus
1209 800 1213 807 ·

96 875 141 941 ad
165 875 368 958 asymptotas
393 874 538 940 abscisae
562 858 712 957 aequales
737 880 841 940 erunt.
1076 956 1081 965 .

169 980 236 1045 sint
258 979 344 1049 enim
368 980 536 1065 oppositae
559 986 600 1062 A,
624 984 660 1062 B,
683 1003 818 1066 quarum
842 987 989 1047 centrum
1013 983 1057 1048 sit
1080 984 1123 1066 Γ,-

97 1088 305 1171 asyr'uptotae
325 1089 433 1151 autem
452 1088 567 1171 ΑΓΗ,
581 1089 676 1151 ΕΓΖ
696 1090 800 1172 [prop.
815 1087 902 1172 XV]‚
919 1089 1116 1173 duceturque

688 1197 778 1259 recta
792 1195 902 1279 aliqua
916 1198 986 1259 ΘΚ
995 1200 1117 1260 utram-

689 1321 751 1383 que
789 1304 869 1384 ΔΓ,
895 1303 957 1365 ΓΖ
996 1318 1116 1366 secans

675 1394 778 1490 dico,
819 1422 889 1471 eam
926 1407 1116 1487 productam

550 1566 559 1581 ,
690 1534 762 1576 cum
777 1516 913 1596 utraque
929 1512 1069 1576 sectione
1083 1512 1116 1576 iu

688 1642 752 1685 uuo
786 1620 856 1685 solo
889 1622 1008 1702 Puncto
1042 1640 1117 1683 con-

689 1746 825 1791 currere.

754 1854 830 1897 nam
842 1833 994 1917 quoniam
1005 1832 1118 1897 sectio-

100 1942 153 2007 nis
182 1946 217 2007 A
244 1945 448 2025 asymptotac
477 1945 552 2006 sunt
580 1944 655 2021 ΛΓ,
678 1943 753 2024 ΓΕ,
781 1942 814 2003 et
837 1939 933 2003 ducta
957 1942 1007 2003 est
1029 1943 1118 2003 recta
1178 1954 1184 1963 ·

75 2032 83 2045 ’
103 2048 215 2133 aliqua
228 2050 297 2121 ΘΚ
312 2051 483 2131 utramque
502 2049 663 2112 rectarum
679 2044 834 2133 ang'ulum
848 2052 881 2110 Δ
887 2049 947 2111 ΓΖ
967 2045 1117 2128 deinceps

101 2155 247 2241 positum
271 2146 611 2239 comprehendentium
631 2148 757 2237 secans,
780 2157 845 2218 ΚΘ
868 2153 1027 2237 producta
1046 2174 1116 2216 cum

102 2261 246 2326 sectione
276 2263 444 2325 concurret
472 2261 578 2345 [prop.
601 2259 680 2341 Xl].-
717 2260 866 2324 similiter
893 2259 996 2345 igitur
1020 2238 1117 2321 etiam

102 2388 177 2432 cum
200 2371 229 2431 Β
253 2370 429 2433 concurret.
554 2394 558 2399 ·
676 2348 679 2353 ’

169 2477 342 2538 concurrat
364 2474 398 2537 in
422 2476 466 2558 A,
487 2476 533 2537 M.

168 2601 228 2664 per
254 2582 286 2643 Γ
304 2583 412 2644 rectas
436 2582 516 2643 AM
533 2580 690 2664 parallelo
714 2579 848 2642 ducatur
872 2579 981 2656 ΑΓΒ;
1010 2575 1137 2659 itaque.

103 2686 211 2771 [prop.
238 2684 298 2767 XI]
331 2689 399 2750 ΚΛ
414 2700 457 2754 ><
472 2690 537 2755 ΛΘ
552 2717 593 2738 =
609 2682 705 2767 AF²‚
742 2687 820 2748 ΘΜ
829 2699 872 2752 ><
887 2686 965 2747 ΜΚ
977 2712 1019 2734 --
1035 2678 1118 2746 ΓΒὲ.

79 2782 204 2877 'quare
218 2792 318 2856 ctiam
332 2795 400 2857 ΚΛ
414 2808 457 2861 ><
474 2796 537 2857 ΛΘ
552 2823 594 2845 =
609 2796 686 2856 ΘΜ
697 2808 739 2859 ><
753 2795 832 2855 ΜΚ
850 2795 882 2854 et
899 2794 962 2854 ΛΘ
976 2819 1018 2842 --
1034 2792 1119 2853 KM.

558 2951 665 3016 XVII.

171 3044 404 3159 Oppositarum
434 3075 682 3161 coniugatorum
706 3097 890 3141 communes
915 3081 989 3140 sunt
1012 3042 1126 3159 asy'mJ

162 3184 226 3247 tae.
287 3193 290 3197 “

102 3184 238 3352 ptosiut
261 3274 428 3371 oppositae
453 3289 659 3376 coniugam,
684 3310 819 3373 quarum
840 3289 988 3353 diametri
1012 3286 1118 3352 coniu-

102 3398 200 3481 gatus
228 3393 294 3459 sint
316 3394 392 3478 AB,
415 3397 490 3479 ΓΔ,
516 3399 664 3459 centrum
688 3400 796 3460 autem
820 3399 858 3460 E.
904 3395 985 3478 dico,
1009 3413 1119 3456 earum

103 3503 310 3585 usymptotas
334 3510 521 3567 communes
544 3523 624 3567 csse.
740 3492 743 3497 ’
