2438 3892
124 94 189 217 ιιι
517 146 744 205 κειται

120 298 162 382 τῇ
194 297 337 382 δοθείσῃ
369 296 478 381 γωνίᾳ
509 290 717 378 δυνήσονται
741 288 784 358 τὰ
809 287 903 377 παρὰ
927 288 994 377 τὴν
1021 289 1133 377 ἑτέραν

120 407 349 487 ταραειζιιενα
369 399 425 466 καί
447 396 704 484 ὑπερβάλλοντα
724 394 831 487 ὁμοίω
846 399 895 487 τῷ
911 393 981 464 διεδ
998 399 1071 465 τῶν
1087 399 1135 465 δο-

121 511 251 576 θεισῶν
272 504 420 574 εὐθειῶν
440 505 672 594 περιεχομένῃ

189 618 341 682 ἔστωσαν
358 615 397 678 αἱ
412 615 569 679 δοθεῖσαι
587 609 653 678 δάο
671 609 803 679 εὐθεῖαι
820 609 906 696 πρὸς
918 606 1032 697 ὀρθὰς
1044 607 1136 696 ἄλλά-

87 728 198 799 σλαις
222 719 467 805 πεπερασμένα
490 719 529 784 αἱ
548 723 628 801 ΒΕ,
646 723 724 802 ΒΘ,
755 713 777 802 ἡ
801 714 840 784 δὲ
867 719 1012 784 δοθεῖσα
1032 718 1135 802 γωνία

123 832 208 894 ἔστω
224 823 313 912 ἡΗ·
339 829 394 891 δεῖ
410 821 453 908 δὴ
470 821 599 910 γράψαι
621 820 854 908 ἀντικειμένας
874 821 952 909 περὶ
970 828 1055 908 μίαν
1071 824 1135 890 τῶν

123 939 198 1017 ΒΕ,
216 939 291 1016 ΒΘ,
313 930 398 999 ὥστε
419 928 479 1009 τὰς
499 930 728 1015 καταγομένας
749 927 957 1012 κατάγεσθαι
976 930 1015 997 έν
1032 932 1135 1019 γωνία

122 1041 163 1126 τῇ
185 1045 230 1107 Η.

189 1143 246 1209 καὶ
264 1142 328 1210 δάο
347 1146 519 1210 δοθεισῶν
535 1140 682 1211 εὐθειῶν
699 1144 769 1211 των
782 1148 858 1227 ΒΕ,
871 1148 935 1208 ΒΘ
953 1141 1135 1230 γεγράφθω
1155 1152 1164 1175 ·

72 1273 106 1322 10
123 1247 304 1337 ὑπερβολή,
327 1240 367 1335 ἦς
389 1247 568 1338 διάμετρος
590 1254 682 1318 ἔσται
699 1253 825 1334 πλαγία
842 1245 954 1334 ἡΒΕ,
978 1245 1084 1337 ὀρθία
1103 1247 1138 1315 δὲ

124 1359 187 1425 τοῦ
208 1359 321 1435 εἴδους
340 1353 469 1444 πλευρά
490 1353 512 1443 ἡ
536 1363 609 1442 ΘΒ,
634 1357 673 1422 αἱ
693 1355 732 1424 δὲ
753 1353 978 1441 καταγόμεναι
1002 1355 1057 1424 έαὶ
1079 1352 1137 1440 τὴν

125 1462 175 1533 ἐπ’
200 1459 336 1542 εὐθείας
362 1467 403 1551 τῇ
431 1469 499 1530 ΒΕ
526 1461 799 1550 καταχθήσονται
826 1463 864 1530 έν
890 1465 1000 1552 γωνία
1026 1466 1067 1550 τῇ
1095 1466 1139 1547 Η,

124 1572 181 1638 καὶ
203 1576 287 1640 ἔστω
311 1567 332 1658 ἡ
357 1575 473 1638 ΑΒΓ·
504 1573 604 1637 τοῦτο
627 1567 693 1655 γάρ
716 1567 762 1648 ὡς
785 1570 840 1636 δεῖ
859 1569 1039 1654 γενέσθαι,
1061 1592 1139 1655 προ·

124 1679 314 1765 γέγραπται.
358 1678 455 1764 ἤχθω
479 1677 522 1761 δὴ
547 1672 604 1743 διὰ
626 1679 689 1743 τοῦ
711 1683 744 1742 Ε
763 1678 803 1764 τῇ
829 1682 857 1743 Β
864 1681 904 1742 Β·
925 1672 1011 1762 πρὸς
1034 1672 1141 1762 ὀρθὰς

73 1781 146 1870 15ἡ
169 1791 239 1852 ΕΚ
261 1792 317 1870 ἴση
341 1776 427 1851 οὖσα
448 1785 489 1870 τῇ
513 1788 591 1868 ΒΘ,
618 1782 674 1849 καὶ
697 1780 884 1868 γεγράφθω
907 1778 1033 1868 ὁμοίως
1056 1779 1157 1867 άλλη·

123 1889 294 1976 ὑπερβολὴ
316 1885 467 1974 ἡΔΕΖ,
489 1880 531 1974 ἧς
553 1886 730 1975 διάμετρος
752 1887 814 1973 μὲν
837 1884 858 1974 ἡ
877 1894 954 1973 ΒΕ,
977 1887 1084 1976 ὀρθία
1104 1887 1141 1956 δὲ

125 1998 187 2062 τοῦ
209 1997 321 2073 εδδονς
339 1993 467 2081 πλευρὰ
485 1991 506 2080 ἡ
524 2000 603 2079 ΕΚ,
626 1996 664 2060 αἱ
685 1992 723 2061 δὲ
745 1993 971 2081 καταγόμεναι
993 1992 1061 2061 άιιδ
1085 2005 1144 2081 τῆς

123 2109 227 2187 τομῆς
247 2102 454 2187 τεταγμένως
475 2099 745 2188 καταχθήσονται
768 2102 807 2168 έν
827 2103 868 2188 τῇ
892 2100 1009 2186 ἐφεξῆς
1032 2105 1142 2191 γωνίᾳ

124 2210 163 2296 τῇ
187 2212 230 2274 Η.
277 2206 426 2295 φανερὸν
451 2207 510 2293 δή,
538 2204 590 2274 ὅτι
614 2210 651 2273 αἱ
671 2214 711 2292 Β,
732 2214 763 2274 Ε
789 2211 875 2274 εἰσιν
904 2202 1143 2293 άντικείμεναι,

73 2334 107 2384 20
127 2315 303 2403 διάμετρος
325 2313 362 2382 δὲ
387 2310 499 2381 αὐτῶν
522 2317 581 2399 μία
605 2314 685 2398 ἐστί,
707 2312 762 2379 καὶ
788 2315 825 2379 αἱ
846 2311 964 2398 ὀρθίαι
987 2321 1066 2380 ἴσαι.

615 2558 654 2640 ξ’.

195 2686 269 2755 Δύο
298 2690 468 2754 δοθεισῶν
496 2682 642 2753 εὐθειῶν
671 2688 747 2770 δίχα
774 2687 968 2771 τεμνουσῶν
996 2681 1147 2771 άλλήλας

128 2790 253 2877 γράψαι
272 2792 348 2877 περὶ
368 2794 525 2877 ἑκατέραν
544 2789 656 2858 αὐτῶν
676 2787 906 2877 ἀντικειμένας
918 2789 1033 2877 τομάς,
1058 2789 1146 2860 ὥστε

128 2894 214 2963 εἶναι
238 2894 350 2965 αὐτῶν
374 2904 524 2984 σνζνγεϊς
543 2897 740 2984 διαμέτρους
757 2894 816 2975 τὰς
835 2895 982 2982 εὐθείας,
1005 2897 1062 2964 καὶ
1082 2896 1145 2985 τὴν

74 3020 109 3070 25
127 3004 195 3069 τοῖν
219 3000 282 3069 δύο
307 3000 544 3090 ἀντικειμένων
564 3003 744 3091 διάμετρον
763 3001 800 3070 τὸ
821 3006 890 3070 τῶν
910 3002 1034 3089 ἑτέρων
1052 2999 1146 3071 άντι-

199 3218 223 3267 6.
252 3210 301 3284 δή]
326 3229 354 3280 α,
385 3211 420 3282 δή
445 3215 492 3269 uel
515 3214 548 3269 δέ
577 3231 646 3270 corr.
672 3231 706 3269 ex
729 3216 815 3283 δεῖρ
841 3213 992 3283 (,,ιιιίραε“
1015 3214 1144 3284 cmm),

129 3288 178 3341 δεῖ
191 3285 230 3352 V;
250 3300 304 3340 om.
318 3283 421 3353 Halley
436 3302 499 3339 cum
513 3285 614 3341 Memo.
672 3292 713 3342 18.
734 3281 850 3357 ἐφεξῆς]
871 3286 945 3340 male
961 3284 1015 3340 del
1030 3283 1143 3355 Halley.

165 3363 206 3412 19.
226 3352 274 3428 δή]
291 3371 361 3410 corr.
376 3371 410 3410 ex
424 3355 456 3411 δέ
472 3373 509 3410 m.
526 3364 538 3410 1
555 3356 588 3410 V.
644 3362 687 3413 20.
707 3353 740 3411 αἶ
752 3352 865 3429 δρθίαι]
881 3354 993 3426 scrips13
1012 3357 1144 3425 διορθιαι

127 3428 190 3554 ξεῖν)
209 3428 246 3496 V3
267 3422 367 3554 Qu
385 3445 404 3497 p
424 3428 453 3481 et
465 3430 531 3496 post
543 3427 676 3482 lacunam
696 3446 718 3496 c,
738 3427 848 3498 Halley.
918 3433 962 3482 21.
981 3423 1022 3498 ξ’]
1041 3443 1069 3496 p,
1088 3427 1145 3482 Eu-

142 3516 232 3568 oe1us3
252 3514 306 3555 om.
351 3538 357 3552 .
