2438 3892
138 135 181 200 66
534 137 701 191 mmm
719 131 760 190 α’.

138 275 159 364 ἡ
183 284 222 345 N
227 286 255 345 Λ
277 276 361 364 πρὸς
383 277 445 366 τὴν
464 285 541 348 ΛΑ.
578 276 653 347 ἄλλ’
675 275 719 358 ὡς
742 275 763 365 ἡ
787 285 866 347 ΜΚ
886 278 971 366 πρὸς
991 278 1055 366 τὴν
1074 286 1154 367 ΚΒ,

138 386 197 471 τῆς
219 390 289 453 KA
320 388 440 454 κοινοῦ
468 383 577 467 ὕψους
604 387 859 472 λαμβανομένης
887 384 993 467 οὕτως
1018 385 1057 455 τὸ
1087 385 1155 456 ὑπὸ

139 497 254 560 MKA
281 491 366 578 πρὸς
391 491 429 561 τὸ
455 489 522 560 ὑπὸ
547 499 665 577 ΒΚΑ,
694 488 738 570 ὡς
762 491 799 559 δὲ
821 492 842 579 ἡ
867 499 938 561 ΝΛ
965 492 1050 579 πρὸς
1072 501 1153 576 ΛΑ,

137 600 196 684 τῆς
223 605 289 666 ΒΛ
321 602 439 667 κοινοῦ
468 596 577 678 ὕψους
603 591 859 685 λαμβανομένης
886 599 992 680 οὕτως
1019 600 1057 669 τὸ
1086 599 1152 670 ὑπὸ

103 731 119 780 5
139 711 243 773 NAB
267 702 351 791 πρὸς
373 703 409 772 τὸ
434 701 500 772 ὑπὸ
519 709 632 772 ΑΛΒ.
668 704 724 771 καῖ
748 701 793 784 ὡς
811 703 877 790 ἄρα
895 704 932 775 τὸ
952 703 1019 774 ὑπὸ
1039 714 1153 775 MKA

138 810 221 899 πρὸς
243 809 281 881 τὸ
304 808 370 879 ὑπὸ
390 816 503 894 ΒΚΑ,
529 807 635 907 οὕτως
656 808 694 876 τὸ
714 808 780 879 ὑπὸ
799 817 904 879 ΝΛΒ
927 810 1011 901 πρὸς
1028 811 1066 882 τὸ
1087 812 1153 883 ὑπὸ

68 980 74 991 ,
139 925 250 986 ΑΛΒ.
295 917 352 985 καὶ
375 915 531 1001 ἐναλλάξ,
559 912 605 995 ὡς
626 913 664 984 τὸ
687 914 753 985 ὑπὸ
777 924 892 985 ΜΚΑ
917 918 1001 1007 πρὸς
1023 921 1062 988 τὸ
1085 917 1151 989 ὑπὸ

139 1032 178 1093 Ν
181 1031 256 1110 ΛΒ,
281 1023 388 1102 οὕτως
409 1020 448 1091 τὸ
471 1020 537 1090 ὑπὸ
561 1028 664 1089 ΒΚΑ
687 1046 770 1110 προς
791 1021 829 1092 τὸ
853 1021 919 1093 ὑπὸ
943 1032 1054 1093 ΑΛΒ.
1096 1033 1157 1094 καί

138 1132 229 1198 ἐστιν
258 1137 334 1197 ἴσον
361 1127 399 1197 τὸ
427 1125 493 1197 ὑπὸ
516 1134 631 1196 MKA
661 1139 707 1221 τῷ
736 1127 802 1198 ὑπὸ
827 1134 944 1198 ΝΛΒ·
978 1141 1058 1201 ἴσον
1086 1131 1152 1219 ἄρα

87 1264 120 1313 10
139 1237 208 1306 ἐστὶ
230 1237 286 1304 καὶ
308 1233 347 1304 τὸ
369 1233 435 1305 ὑπὸ
459 1242 562 1303 BKA
584 1239 629 1327 τῷ
654 1233 718 1304 ὑπὸ
739 1243 854 1304 ΑΛΒ·
882 1246 937 1325 ἴση
957 1239 1023 1325 ἄρα
1042 1237 1063 1326 ἡ
1084 1245 1156 1307 ΑΚ

137 1350 269 1433 τῇΛΒ.
315 1348 383 1411 ἔστι
407 1343 444 1412 δὲ
466 1343 522 1410 καλ
544 1340 565 1430 ἡ
590 1348 657 1411 ΑΓ
675 1347 715 1431 τῇ
738 1348 799 1410 ΓΒ
823 1352 891 1431 ἴση·
919 1345 975 1413 καὶ
998 1343 1060 1431 ὅλη
1085 1343 1150 1434 ἄρα

138 1449 249 1539 ἡΚΓ
267 1449 328 1540 ὅλη
351 1453 391 1540 τῇ
410 1457 470 1518 ΓΛ
493 1459 549 1536 ἴση
573 1451 676 1518 ἐστίν·
704 1447 788 1518 ὥστε
811 1450 866 1517 καὶ
889 1447 909 1537 ἡ
934 1453 1002 1527 ΗΞ
1021 1455 1062 1539 τῇ
1080 1454 1151 1528 ΞΘ.

61 1601 64 1607 ·
137 1555 159 1646 ἡ
178 1567 246 1628 ΗΘ
264 1558 329 1647 ἄρα
349 1562 425 1644 δίχα
443 1558 597 1643 τέτμηται
614 1553 680 1624 ὑπὸ
699 1558 758 1642 τῆς
775 1558 883 1632 m·
906 1562 965 1624 καί
980 1560 1049 1626 έστι
1067 1583 1150 1644 παρ-

138 1665 281 1752 ἄλληλος
302 1669 343 1752 τῇ
367 1671 444 1730 ΑΒ·
478 1662 653 1752 διάμετρος
675 1660 740 1748 ἄρα
764 1663 832 1730 ἐστὶ
854 1663 909 1731 καὶ
933 1661 953 1750 ἡ
977 1667 1073 1741 ΞΓΔ
1097 1685 1151 1734 συ-

86 1797 118 1846 ιι
140 1769 237 1857 ξυνὴι
258 1774 299 1858 τῇ
322 1777 395 1838 ΑΒ·

565 1997 654 2086 ὅροι
679 2000 723 2087 β’.

209 2147 274 2230 Τῆς
291 2135 480 2229 ὑπερβολῆς
501 2143 632 2230 καὶτῆς
651 2146 826 2224 ἐλλείψεως
844 2143 999 2230 ἑκατέρας
1018 2142 1037 2232 ἡ
1062 2150 1151 2233 διχο-

138 2256 236 2338 τομία
258 2253 317 2336 της
340 2251 520 2336 διαμέτρου
542 2252 682 2337 κέντρον
710 2255 768 2338 τῆς
790 2254 894 2338 τομῆς
915 2257 1101 2337 καλείσθω,
1128 2280 1148 2340 η

139 2358 176 2428 δὲ
199 2356 263 2426 ἀπὸ
287 2360 348 2426 τοῦ
370 2357 510 2443 κέντρου
533 2355 617 2443 πρὸς
637 2359 698 2445 τὴν
716 2355 822 2444 τομὴν
840 2364 1094 2444 προσπίπτουσα
1114 2362 1149 2427 ἐκ

85 2477 119 2527 20
136 2470 198 2535 τοῦ
220 2465 363 2551 κέντρου
385 2467 444 2550 τῆς
466 2467 576 2551 τομῆς.
903 2450 912 2465 ’

204 2570 330 2660 ὁμοίως
358 2570 395 2639 δέ
422 2571 477 2639 καῖ
500 2575 568 2640 τῶν
591 2567 829 2657 ἀντικειμένων
852 2569 873 2657 ἡ
898 2575 1071 2658 διχοτομία
1094 2575 1152 2657 τῆς

137 2685 277 2764 πλαγίας
299 2682 444 2767 πλευρᾶς
465 2679 606 2763 κέντρον
629 2684 806 2746 καλείσθω.

204 2781 225 2869 ἡ
255 2784 292 2853 δὲ
320 2783 385 2862 ἀπὸ
412 2789 474 2852 τοῦ
502 2786 644 2871 κέντρου
671 2783 797 2870 ἠγμένη
830 2782 919 2869 παρὰ
945 2784 1151 2868 τεταγμένως

137 2892 347 2977 κατηγμένην
379 2892 482 2977 μέσον
508 2918 544 2960 τε
575 2890 679 2976 λόγον
707 2895 829 2977 ἔχουσα
856 2901 925 2958 τῶν
952 2894 1012 2957 τοῦ
1038 2893 1151 2968 εἴδους

83 3009 118 3058 25
137 3000 291 3082 πλευρῶν
309 2996 365 3064 καὶ
385 3000 461 3083 δίχα
479 2999 663 3084 τεμνομένη
683 2994 747 3065 ὑπὸ
768 3001 830 3064 τοῦ
848 2998 990 3082 κέντρου
1010 2997 1150 3085 δευτέρα

138 3101 316 3189 διάμετρος
337 3108 515 3170 καλείσθω.

208 3296 713 3366 3.NA]ov,NAuelMAV‚K11
728 3317 754 3369 p.
812 3304 853 3352 10.
873 3293 942 3368 ἄρα]
961 3293 1017 3365 ἄρα
1032 3299 1083 3350 καί
1101 3275 1173 3368 ομ,Ι

138 3365 194 3439 ἄρα
210 3365 284 3424 ἐστίν
304 3368 444 3422 Eutocius.
518 3375 559 3423 13.
579 3371 672 3441 ΕΓΔ]
694 3388 735 3439 cv,
756 3373 782 3424 Γ
796 3371 848 3424 ins.
868 3389 904 3425 m.
925 3377 938 3422 1
960 3368 996 3433 V;
1017 3376 1042 3422 Δ
1050 3371 1105 3428 ΓΞ
1122 3388 1148 3438 p.

138 3436 466 3582 1Ῑῂλὲὶιμέτίμιτιιιειμένοιν
486 3440 524 3507 V;
548 3454 617 3495 corr.
637 3457 707 3511 evp.
780 3448 823 3497 23.
843 3439 1097 3511 παρατεταγμένως
1116 3441 1149 3507 V,
