2438 3892
418 162 632 215 CONIOORUM
649 162 759 213 LIBER
775 164 797 215 1.
1070 160 1112 226 89

97 308 135 371 K
138 308 179 391 Λ,
202 307 236 371 et
252 308 395 391 ponetur
412 309 492 371 HM
505 334 547 358 =
563 309 637 388 ΛΘ,
660 309 694 370 et
710 307 817 369 rectae
835 304 981 370 ordinate
999 307 1113 372 ductae

97 412 260 499 peroilels
283 412 417 478 ducatur
434 416 522 492 MN,
546 418 579 477 et
596 413 631 476 in
647 412 805 503 directum
823 411 1019 496 producatur
1036 418 1113 497 ΕΗ,

632 521 670 582 ut
688 519 747 583 fiat
759 521 843 583 HN.
875 518 942 582 iam
960 518 1115 602 quonism

633 628 667 689 K
670 628 701 689 A
714 629 820 690 rectae
832 629 920 709 MN,
930 629 964 690 K
967 629 996 690 Θ
1009 629 1115 691 rectae

632 735 711 797 HN
723 733 879 816 parallelo
898 738 962 813 est,
986 738 1020 799 εὴ
1038 736 1120 798 ΛΜ

492 848 507 877 1
631 861 696 903 una
719 844 768 904 est
791 844 889 924 recta,
913 841 975 905 erit

723 948 757 1009 K
761 949 826 1010 ΘΛ
839 963 885 1011 ω
898 951 1025 1013 ΗΜΝ.

479 1116 496 1145 A
632 1056 664 1117 et
687 1055 752 1117 ΛΘ
766 1084 808 1106 --
823 1057 914 1139 ΗΜ,
939 1077 1037 1139 quare

766 1162 835 1224 ΚΛ
849 1192 891 1213 =
907 1164 990 1227 MN

98 1264 208 1348 [Eucl.
226 1262 284 1349 VI,
301 1264 349 1348 4].
385 1286 485 1349 quare
504 1263 602 1329 etiam
620 1261 702 1329 101²
717 1295 759 1318 =
774 1268 856 1330 ΜΝ
859 1264 879 1333 ².
912 1273 945 1332 et
962 1269 1115 1352 quoniam

97 1376 166 1441 ΛΘ
180 1401 223 1425 ==
237 1375 329 1455 HM,
352 1375 418 1436 ΛΘ
433 1400 475 1423 ι·
490 1374 571 1454 ΒΗ,
599 1374 633 1436 et
660 1375 726 1436 AB
754 1374 935 1462 communis
963 1378 1025 1458 est,
1053 1376 1116 1440 erit

97 1482 167 1545 BA
181 1510 223 1533 ==
238 1482 323 1545 ΑΜ.
367 1478 478 1563 itaque
501 1476 564 1542 erit

355 1606 862 1671 BA><AA=AM><MB.

99 1731 201 1797 quare

231 1814 992 1885 BA><AA=KA²=AM><MB:MN².

100 1944 153 2007 est
166 1944 274 2006 sutem
293 1944 331 2006 ut
344 1945 409 2006 ΒΛ
418 1956 461 2009 ><
472 1945 540 2006 ΛΑ
559 1941 599 2006 cd
614 1944 645 2005 A
651 1945 685 2005 K
690 1939 711 2021 ²,
728 1942 776 2006 ita
794 1943 879 2007 latus
895 1947 1116 2009 transuersum

99 2048 141 2115 sd
163 2047 251 2113 latus
273 2051 398 2113 rectum
421 2050 525 2132 [prop.
544 2045 646 2129 XXI].
692 2070 790 2133 quare
814 2050 912 2115 etism
936 2054 972 2116 ut

431 2157 511 2218 AM
520 2169 563 2231 ><
577 2157 645 2219 ΜΒ
661 2179 668 2219 :
682 2158 764 2220 MN
767 2153 788 2235 ²³,

99 2262 150 2328 its
181 2262 269 2326 lotus
300 2266 523 2326 transuersum
552 2261 591 2325 sd
618 2262 705 2328 lctus
732 2267 865 2329 rectum.
915 2284 991 2348 ergo
1019 2267 1059 2328 N
1082 2265 1116 2328 in

101 2366 246 2435 sectione
278 2371 329 2433 est
357 2368 436 2450 [ib.].
486 2389 565 2455 ergo
595 2372 659 2433 ΕΖ
686 2370 844 2453 products
872 2392 944 2434 oum
973 2369 1116 2434 sectione

99 2474 136 2541 in
158 2477 196 2539 N
217 2479 396 2541 concurret.

167 2582 235 2646 iam
259 2580 409 2646 similiter
432 2582 736 2665 demonstrabimus,
760 2604 831 2646 eam
855 2582 952 2645 etiam
977 2580 1017 2645 sd
1037 2581 1114 2645 clte-

100 2678 173 2755 rsm
196 2690 323 2773 purtem
346 2687 536 2772 productum
561 2711 633 2754 cum
658 2689 799 2753 sectione
824 2708 1019 2753 concurrere.

550 2936 667 3001 XXIX.

169 3076 206 3144 Si
228 3078 265 3143 in
287 3079 446 3163 oppositis
464 3083 553 3144 recta
571 3101 629 3163 per
647 3083 793 3144 centrum
813 3080 853 3144 sd
872 3081 1030 3144 utramuis
1051 3101 1117 3145 sec·

101 3187 229 3253 tionum
253 3184 381 3269 sdoidit,
403 3186 561 3269 producta
585 3187 721 3250 alterum
745 3187 924 3252 sectionem
947 3187 1078 3252 secabit

168 3292 237 3358 sint
256 3291 436 3375 oppositae,
459 3315 595 3379 quarum
614 3292 789 3358 diametrus
808 3294 852 3358 sit
870 3297 945 3375 ΑΒ,
969 3297 1116 3358 centrum

103 3403 213 3467 sutem
243 3401 285 3484 Γ,
317 3401 350 3463 et
376 3402 443 3463 ΓΔ
475 3399 649 3464 sectionem
679 3405 749 3464 ΑΛ
781 3403 875 3467 secet.
926 3399 1011 3482 dico,
1044 3418 1115 3461 eam

104 3506 203 3573 etism
227 3506 364 3573 alterum
388 3507 565 3572 sectionem
589 3511 769 3573 secuturam
791 3528 870 3571 esse.
