2438 3892
155 136 221 202 304
552 132 720 187 ΚΩΝῙΚΩΝ
738 127 776 200 β’·

155 279 210 346 καὶ
234 274 279 357 ὡς
302 277 368 364 ὀρα
391 274 429 345 τὸ
452 273 519 344 ὑπὸ
540 281 639 342 ΖΛΘ
656 273 741 359 πρὸς
757 269 796 341 τὸ
814 268 880 339 ἀπὸ
901 277 986 356 ΛΚ,
1010 268 1032 358 ἡ
1050 275 1161 356 πλαγία

155 409 240 472 προς
262 385 325 469 τὴν
349 381 484 468 ὀρθίαν.
524 382 620 469 ἤχθω
645 377 688 467 δὴ
711 377 778 448 ἀπὸ
801 388 864 446 τοῦ
887 386 920 445 A
943 381 984 467 τῇ
1003 382 1070 445 AB
1091 379 1165 461 πρὸς

157 489 266 578 ὀρθὰς
292 487 314 576 ἡ
337 496 413 558 AT.
460 488 530 556 έπεί
558 479 621 555 οὖν
642 488 755 572 ’έστιν,
784 482 829 563 ὡς
851 483 888 553 τὸ
911 481 978 552 ἀπὸ
1003 491 1071 552 ΕΑ
1092 485 1166 570 πρὸς

158 599 196 664 τὸ
221 594 286 665 ἀπὸ
306 603 388 682 AT,
412 592 433 680 ἡ
456 599 579 681 πλαγία
601 596 686 680 πρὸς
708 592 770 680 τὴν
795 591 932 679 ὀρθίαν,
956 595 1027 658 ἔστι
1050 590 1087 658 δὲ
1108 594 1166 674 καί,

125 701 205 782 οὼς
227 700 247 789 ἡ
271 707 395 788 πλαγία
418 698 501 786 πρὸς
523 699 586 786 τὴν
610 697 746 787 ὀρθίαν,
768 700 807 767 τὸ
831 696 897 766 ὑπὸ
919 703 1019 766 ΖΛΘ
1036 696 1119 782 πρὸς
1134 694 1166 764 τὸ

158 807 224 876 ἀπὸ
253 814 337 893 ΛΚ,
364 806 402 877 τὸ
434 807 471 875 δέ
499 805 564 875 ἀπὸ
589 813 654 873 ZA
679 807 765 893 πρὸς
792 804 829 875 τὸ
859 801 925 873 ἀπὸ
948 810 1022 873 ΛΚ
1042 809 1166 892 μείζονα

160 913 263 1001 λόγον
288 918 353 1000 ἔχει
377 914 461 999 ἤπερ
484 915 522 980 τὸ
545 910 611 980 ὑπὸ
638 918 736 979 ΖΛΘ
759 911 844 998 πρὸς
864 909 903 979 τὸ
928 909 994 979 ἀπὸ
1015 910 1098 995 ΛΚ,
1119 909 1167 977 καὶ

158 1022 196 1088 τὸ
220 1017 286 1087 ἀπὸ
307 1026 371 1086 ΖΛ
394 1021 461 1105 ὀρα
483 1017 567 1106 πρὸς
590 1016 626 1086 τὸ
651 1015 715 1086 ἀπὸ
737 1024 809 1086 ΛΚ
829 1023 963 1104 μείζονα
988 1016 1094 1103 λόγον
1111 1022 1167 1104 ἔχει

160 1124 243 1213 ἥπερ
276 1127 313 1192 τὸ
348 1123 412 1193 ἀπὸ
443 1133 509 1193 ΕΑ
541 1124 625 1211 πρὸς
655 1125 694 1192 τὸ
724 1121 790 1192 ὀιπό
818 1131 894 1192 AT.
943 1129 1005 1192 καί
1029 1128 1115 1193 εἰσιν
1139 1125 1169 1190 τί

111 1257 144 1305 10
162 1231 246 1321 πρὸς
268 1245 337 1311 τοῖς
356 1242 399 1317 A,
418 1238 449 1299 A
472 1237 593 1318 γωνίαι
617 1228 735 1317 ὀρθαί·
777 1229 929 1299 ἐλάσσων
952 1232 1021 1318 ἄρα
1044 1227 1166 1316 ἐστίνὴ

163 1346 191 1406 Ζ
213 1343 319 1424 γωνία
342 1349 400 1424 τῆς
418 1345 456 1406 Ε.
498 1336 688 1406 συνεστάτω
713 1328 776 1404 οὖν
799 1339 839 1426 τῇ
862 1333 929 1404 ὑπὸ
949 1343 982 1405 A
989 1344 1057 1406 ZK
1072 1341 1166 1426 γωνίᾳ

162 1455 217 1532 ίση
246 1443 266 1531 ἡ
295 1442 361 1514 ὑπὸ
386 1450 498 1511 ΑΕΓ·
545 1456 759 1531 συμπεσεῖται
787 1443 854 1529 ὀίρα
880 1439 902 1529 ἡ
926 1450 995 1512 ΕΓ
1017 1447 1059 1534 τῇ
1084 1446 1165 1531 τομῇ.

165 1553 374 1639 συμπιπτέτω
402 1552 485 1618 κατὰ
514 1552 552 1618 τὸ
578 1557 613 1619 Γ.
658 1550 755 1637 ’ἤχθω
784 1551 826 1635 δὴ
851 1546 916 1618 ἀπὸ
939 1553 1003 1618 τοῦ
1026 1557 1061 1618 Γ
1078 1553 1164 1638 ἐφαπ-

163 1660 286 1746 τομένη
315 1660 335 1745 ἡ
361 1665 442 1744 ΓΔ,
469 1659 612 1737 κάθετος
640 1656 677 1724 δὲ
704 1655 724 1743 ἡ
751 1662 831 1724 ΓΗ·
878 1661 971 1724 ἔσται
1000 1657 1059 1745 δή,
1087 1649 1164 1743 ὀςῆ

113 1787 145 1837 15
164 1769 287 1851 πλαγία
315 1763 399 1852 πρὸς
425 1764 488 1851 τὴν
516 1765 656 1850 ὀρθίαν,
685 1760 791 1843 οὕτως
813 1762 851 1831 τὸ
874 1759 940 1831 ὑπὸ
965 1771 1077 1833 ΕΗΔ
1096 1763 1164 1852 πρὸς

163 1871 201 1937 τὸ
226 1869 291 1938 ἀπὸ
314 1877 391 1938 ΓΗ.
437 1870 492 1937 καὶ
516 1868 561 1949 ὡς
585 1871 650 1955 ὀίρα
672 1867 710 1938 τὸ
734 1867 800 1938 ὑπὸ
825 1876 923 1938 ΖΛΘ
945 1869 1032 1959 πρὸς
1052 1871 1090 1941 τὸ
1112 1868 1162 1939 ἀπὸ

164 1982 246 2063 ΛΚ,
273 1974 310 2044 τὸ
339 1974 405 2044 ὑπὸ
433 1982 542 2043 ΕΗΔ
569 1975 652 2061 πρὸς
679 1975 717 2045 τὸ
745 1973 811 2045 ἀπὸ
838 1982 919 2043 ΗΓ·
967 1975 1087 2064 ὅμοιον
1112 1978 1163 2064 ἄρα

165 2082 234 2149 ἐστὶ
267 2081 304 2149 τὸ
334 2088 437 2149 KZA
468 2088 636 2169 τρίγωνον
668 2087 714 2175 τῷ
742 2089 848 2150 ΕΓΗ
874 2083 1030 2174 τριγώνῳ
1060 2080 1163 2152 καὶτὸ

168 2195 270 2256 ΚΘΛ
293 2192 338 2279 τῷ
360 2195 465 2256 ΓΗΔ
488 2190 544 2256 καὶ
566 2187 604 2257 τὸ
625 2196 725 2258 KZ&
747 2202 793 2276 τῷ
814 2197 922 2257 ΓΕΔ.
961 2187 1047 2258 ὥστε
1069 2188 1089 2276 ἡ
1111 2186 1162 2256 ὑπὸ

111 2323 145 2371 20
164 2302 266 2364 ΕΓΔ
294 2302 400 2381 γωνία
429 2305 484 2382 ίση
514 2297 583 2365 ἐστὶ
605 2300 645 2386 τῇ
669 2293 735 2365 ὑπὸ
761 2304 875 2381 ΖΚΘ,
902 2299 1054 2365 τουτέστι
1076 2310 1112 2386 τῇ
1132 2299 1165 2361 Ω.

233 2403 292 2473 ἐὰν
318 2404 355 2472 δὲ
379 2401 396 2471 ὁ
421 2414 479 2490 τῆς
501 2408 642 2489 πλαγίας
664 2403 749 2492 πρὸς
766 2404 829 2490 τὴν
848 2400 973 2490 ὀρθίαν
992 2403 1091 2491 λόγος
1108 2411 1166 2478 ίοος

168 2503 189 2602 ᾖ
213 2509 295 2599 πρὸς
319 2520 405 2597 ίσον,
429 2509 448 2598 ἡ
472 2517 541 2578 ΚΛ
565 2510 744 2597 ἐφάπτεται
766 2515 829 2578 τοῦ
848 2516 945 2577 ΖΚΘ
968 2510 1101 2592 κύκλου,
1122 2506 1166 2575 καί

166 2617 187 2703 ἡ
216 2615 280 2685 ἀπὸ
309 2622 370 2686 τοῦ
397 2618 538 2706 κέντρου
567 2617 619 2684 ἐπὶ
649 2615 685 2685 τὸ
711 2622 746 2682 Κ
771 2617 1028 2704 ἐπιζευγνυμένη
1057 2613 1167 2703 παράλ-

165 2731 267 2808 ληλος
291 2730 381 2791 ἔσται
404 2735 444 2813 τῇ
468 2730 530 2790 ΖΘ
552 2724 607 2790 καὶ
631 2721 715 2809 αὐτὴ
739 2722 870 2809 ποιήσει
892 2721 930 2790 τὸ
955 2721 1136 2810 πρόβλημα.

112 2887 146 2934 25
642 2863 708 2948 νβ’.

229 2965 307 3035 Ἐὰν
337 2973 512 3052 ἐλλείψεως
540 2971 657 3038 εὐθεῖα
686 2969 847 3058 ἐπιψαύῃ,
875 2967 917 3056 ἣν
941 2985 1033 3039 ποιεῖ
1054 2975 1166 3058 γωνίαν

166 3071 250 3156 πρὸς
269 3083 309 3161 τῇ
330 3075 386 3141 διὰ
405 3088 462 3160 τῆς
481 3075 567 3162 ἁφῆς
586 3075 733 3165 ὀγομένῃ
754 3078 929 3167 διαμέτρῳ,
949 3076 1012 3144 οὐκ
1032 3079 1168 3146 ἐλάσσων

168 3181 235 3248 ἐστὶ
264 3191 321 3264 τῆς
349 3183 465 3266 ἐφεξῆς
487 3186 527 3270 τῆ
551 3185 767 3272 περιεχομένῃ
790 3182 855 3251 ὑπὸ
878 3195 947 3251 τῶν
972 3183 1055 3270 πρὸς
1077 3184 1169 3271 μέσην

165 3287 227 3374 τὴν
250 3283 355 3371 τομὴν
379 3289 558 3375 κλωμένων
582 3288 736 3359 εὐθειῶν.

240 3421 263 3467 1.
283 3410 331 3464 καί
350 3407 476 3473 οἱς-2.
496 3408 614 3484 ὀρθίαν]
634 3414 677 3469 bis
696 3414 730 3483 V,
750 3415 799 3469 sed
819 3431 887 3469 corr.
943 3420 967 3469 8.
988 3416 1051 3487 ZA]
1071 3419 1122 3468 ΖΔ
1138 3409 1169 3472 V;

168 3502 237 3541 corr.
256 3504 282 3555 p.
372 3487 412 3537 15.
433 3479 513 3553 πρός]
533 3485 604 3553 (alt.)
626 3489 713 3553 repet.
732 3504 789 3555 mg.
809 3505 845 3542 m.
866 3502 919 3540 rec.
939 3485 973 3545 V.
1064 3491 1105 3540 16.
1123 3480 1169 3538 ὑπὸ
