2438 3892
381 164 596 216 CONIOORUM
613 165 722 216 LIBER
740 167 762 222 I.

415 324 680 389 Definitiones
703 323 728 389 I.

132 449 160 512 1.
193 446 228 513 si
251 470 270 511 a
292 451 413 532 puncto
438 448 546 532 aliquo
571 448 611 512 ad
635 449 794 513 ambitum
818 449 943 532 circuli,
968 450 1022 533 qni
1046 451 1081 514 in

63 555 174 618 eodem
197 555 306 638 plano,
328 553 364 619 in
387 577 451 639 quo
475 560 640 639 punctum,
662 555 789 639 positus
813 559 961 637 nonest,
985 555 1080 620 ducta

62 663 151 724 recta
186 661 221 724 in
256 663 425 743 utramque
462 665 589 745 partem
621 661 827 745 producitur,
865 666 898 726 et
930 665 1079 726 manente

62 769 184 847 puncto
212 770 302 832 recta
328 789 386 851 per
410 767 569 832 ambitum
593 767 704 832 circuli
727 769 924 834 circumacta
946 768 980 833 in
1005 791 1080 833 eun-

62 870 135 935 dem
163 895 273 938 rursus
301 875 407 939 locum
436 874 635 959 restituitur,
661 875 746 939 unde
774 875 853 939 ferri
881 878 998 958 coepta
1022 879 1080 957 est,

62 980 264 1060 superficiem
288 984 378 1045 recta
400 980 609 1065 descriptam,
637 1002 676 1044 ex
700 980 824 1045 duabus
849 981 1078 1065 superficiebus

62 1085 102 1148 ad
123 1085 279 1151 uerticem
297 1086 381 1150 inter
401 1086 569 1170 sepositis
589 1086 811 1171 compositam,
835 1109 971 1172 quarum
991 1092 1077 1153 utra·

61 1212 123 1274 que
145 1191 180 1255 in
203 1192 368 1255 infinitum
392 1192 508 1256 crescit
529 1195 617 1257 recta
641 1191 842 1258 describente
861 1193 896 1256 in
914 1193 1077 1259 infinitum

60 1296 233 1381 producta,
265 1297 518 1382 superficiem
551 1299 723 1362 eonicam
752 1299 891 1383 adpello,
923 1302 1076 1366 uerticem

61 1408 170 1468 autem
195 1404 264 1469 eius
287 1407 443 1489 punctum
467 1424 612 1488 manens,
637 1425 729 1468 axem
753 1409 861 1469 autem
880 1408 1002 1470 rectam
1020 1429 1078 1490 per

59 1513 216 1593 punctum
236 1513 269 1574 et
292 1513 437 1575 centrum
461 1508 574 1574 circuli
596 1509 734 1574 ductam.

127 1724 157 1788 2.
191 1722 317 1790 Ocnum
351 1725 459 1787 autem
491 1721 631 1808 figuram
663 1723 929 1806 comprehensam
957 1725 1077 1790 circulo

60 1835 93 1896 et
117 1830 284 1915 superficie
308 1829 420 1895 conica
443 1829 529 1893 inter
551 1830 706 1894 uerticem
726 1830 947 1914 ambitumque
966 1833 1077 1896 circuli

60 1936 181 2021 posita,
209 1936 364 2001 uerticem
388 1938 496 2000 autem
520 1937 592 2000 coni
615 1939 786 2021 punctum,
809 1938 894 2022 quod
917 1937 1002 2002 idem
1028 1942 1077 2002 est

59 2045 172 2107 uertex
205 2042 398 2128 superficiei,
431 2064 522 2107 axem
554 2045 661 2108 autem
689 2048 811 2107 rectam
840 2067 860 2106 a
886 2045 1007 2108 uertice
1036 2045 1076 2108 ed

60 2152 208 2214 centrum
232 2148 343 2214 circuli
366 2148 509 2234 ductam,
532 2148 636 2214 basim
660 2153 768 2214 autem
792 2150 956 2215 circulum.

127 2363 156 2427 3.
190 2361 354 2429 Conorum
373 2381 450 2425 uero
470 2364 574 2427 rectos
595 2360 732 2446 adpello,
751 2364 806 2447 qui
825 2384 901 2427 axes
921 2362 961 2427 ad
980 2363 1074 2427 bases

58 2468 342 2553 perpendiculares
366 2465 502 2550 habent,
530 2466 680 2550 obliquos
705 2471 830 2548 autem,
858 2469 913 2551 qui
936 2489 1010 2532 axes
1035 2469 1075 2532 ad

57 2576 154 2639 bases
177 2573 460 2658 perpendiculares
484 2595 550 2641 non
573 2572 705 2638 habent.

125 2682 155 2746 4.
190 2680 302 2746 Omnis
326 2679 429 2744 lineae
453 2700 578 2755 cumae,
603 2701 684 2762 quae
708 2680 742 2743 in
766 2701 830 2744 uno
854 2680 950 2764 plano
969 2682 1075 2764 posita

58 2792 121 2870 est,
155 2787 350 2851 diametrum
383 2784 510 2869 adpello
539 2790 675 2870 rectam,
707 2808 790 2870 quae
817 2809 837 2851 a
864 2786 950 2850 linea
977 2809 1075 2853 curua

58 2894 157 2958 ducta
176 2915 287 2958 omnes
305 2896 409 2958 rectas
429 2893 463 2955 in
481 2892 569 2955 linea
587 2892 644 2955 illa
661 2895 768 2957 rectae
788 2892 881 2957 alicui
899 2895 1073 2977 parallelas

58 2999 173 3065 ductas
196 2999 231 3064 in
254 2999 347 3063 binas
370 3002 481 3082 partes
501 2999 652 3083 aequales
672 3002 769 3083 secat,
792 3001 946 3064 uerticem
966 3004 1073 3065 autem

57 3106 163 3170 lineae
186 3104 360 3168 terminum
383 3103 479 3168 huius
503 3108 610 3169 rectae
629 3106 661 3169 in
681 3105 775 3190 linea,
799 3105 945 3191 singulas
966 3110 1072 3171 autem

56 3215 165 3276 rectas
193 3210 367 3295 parallelas
395 3212 435 3275 ad
463 3211 656 3276 diametrum
685 3212 830 3278 ordinate
858 3213 970 3278 ductas
995 3235 1073 3278 esse.
