2438 3892
124 151 192 214 394
523 147 691 200 mm
708 143 747 214 ι’·

125 302 157 361 Α
162 300 247 360 ΑΔ·
264 288 415 378 φανερὸν
431 288 486 376 δή,
500 288 551 358 ὅτι
566 293 643 374 δίχα
656 289 808 375 τέμνεται
822 289 908 356 κατὰ
922 290 961 356 τὸ
973 295 1013 356 Α.
1035 285 1127 375 ἤχθο

125 421 190 466 σον
215 402 257 484 δη
282 399 339 465 διὰ
362 401 431 464 τῶν
450 403 495 481 Η,
514 404 544 463 Θ
564 396 654 480 παρὰ
673 422 737 481 την
755 403 827 462 ΑΔ
850 398 889 461 αἱ
906 401 1016 482 ΒΘΕ,
1034 401 1129 480 ΓΗΖ,

125 531 215 591 παρα
240 505 279 573 δὲ
300 506 364 589 τὴν
382 510 451 570 ΘΚ
472 503 530 570 διὰ
553 505 614 569 τοῦ
633 509 665 568 Α
683 499 705 588 ἡ
720 508 845 570 ΛΜΝ.
891 505 992 590 λέγω,
1016 500 1065 572 ὅτι
1085 512 1128 588 ἴση

127 613 217 680 ἐστιν
240 610 262 697 ἡ
287 615 369 678 ΑΜ
384 615 424 698 τῇ
448 616 537 678 MN.

90 734 107 780 ο
193 717 418 804 ιιατήχθωστν
449 720 514 803 γὰρ
546 716 618 786 ἀπὸ
644 722 714 786 τῶν
737 724 778 802 Ε,
800 723 847 784 Μ
871 718 964 806 παρὰ
992 717 1056 802 τὴν
1076 721 1132 783 ΗΘ

126 828 165 890 αι’
185 831 264 908 ΕΚ,
283 827 364 908 ΜΞ,
388 826 444 891 διὰ
469 825 507 891 δὲ
528 827 591 892 τοῦ
613 830 660 891 Μ
675 825 765 910 παρὰ
788 825 853 910 τὴν
876 831 949 891 ΑΔ
972 850 994 909 η
1019 830 1098 890 ΜΗ.

193 931 263 997 ἐπεὶ
287 922 350 997 οὖν
374 932 430 996 διὰ
454 931 495 996 τὰ
519 931 717 1017 δεδειγμένα
740 932 843 1014 ἐστίν,
866 927 913 1009 ὡς
935 931 974 998 τὸ
996 928 1061 998 ἀπὸ
1079 935 1134 996 ΘΕ

125 1039 210 1122 πρὸς
235 1038 274 1103 τὸ
305 1034 370 1103 ἀπὸ
396 1043 479 1122 ΕΚ,
511 1039 550 1104 τὸ
578 1037 644 1105 ὑπὸ
668 1039 767 1112 ΒΞΕ
791 1038 877 1121 πρὸς
903 1036 942 1104 τὸ
973 1033 1038 1104 ἀπὸ
1061 1038 1133 1120 ΞΜ,

126 1141 172 1222 ὡς
193 1142 260 1227 ἄρα
281 1144 320 1210 τὸ
344 1140 410 1210 ἄπο
434 1150 500 1209 ΘΕ
520 1167 605 1229 προς
628 1168 665 1211 το
689 1140 755 1211 ἀπὸ
780 1149 863 1226 ΕΚ,
894 1144 932 1210 τὸ
957 1140 1026 1211 ὑπο
1049 1144 1136 1218 ΒΞΕ

73 1265 107 1312 10
125 1251 206 1335 μετὰ
231 1253 293 1316 τοῦ
315 1247 382 1317 ἀπὸ
406 1256 484 1332 ΘΕ,
513 1247 532 1317 ὅ
556 1251 686 1317 ἔστιτὸ
710 1249 776 1316 ἀπὸ
800 1251 876 1334 ΘΞ,
904 1250 992 1335 πρὸς
1013 1250 1053 1316 τὰ
1077 1246 1134 1315 ἄιιό

126 1363 206 1437 ΚΕ,
219 1358 299 1430 ΞΜ.
336 1357 373 1422 τὸ
394 1355 432 1423 δέ
445 1352 512 1423 ἀπὸ
528 1362 599 1423 ΚΕ
615 1366 692 1423 ἴσον
707 1357 869 1423 δέδεικται
884 1359 931 1445 τῷ
945 1356 1014 1424 υττὸ
1028 1362 1137 1439 ΗΘΛ,

125 1463 182 1528 nal
204 1463 243 1529 τὸ
267 1459 332 1531 ἀπὸ
354 1464 430 1537 ΞΜ
453 1466 499 1553 τῷ
522 1459 587 1531 ιἰιιό
612 1470 694 1530 ΘΠ’
723 1467 812 1531 ἔστιν
836 1460 918 1548 ἄρα,
947 1459 993 1542 ὡς
1015 1462 1052 1530 τὸ
1075 1457 1135 1528 ἀπὸ

126 1575 193 1635 ΘΕ
212 1570 297 1653 πρὸς
319 1567 356 1637 τὸ
374 1567 447 1657 ,ἀπὸ
470 1577 554 1655 ΕΚ,
581 1568 619 1637 τὸ
645 1568 710 1637 ἀπὸ
735 1571 810 1654 ΘΞ,
838 1571 991 1637 τουτέστι
1014 1595 1051 1636 το
1075 1564 1134 1635 ἆτὸ

126 1681 221 1759 ΜΠ,
243 1677 329 1761 πρὸς
349 1675 388 1744 τὸ
410 1673 477 1744 ὑπὸ
503 1682 608 1752 ΛΘΗ
634 1677 714 1762 μετὰ
738 1680 800 1744 τοῦ
822 1672 888 1744 ἀπὸ
913 1681 992 1742 ΘΠ.
1038 1670 1082 1752 ὡς
1102 1670 1135 1739 δέ

74 1797 108 1843 15
126 1782 164 1848 τὸ
188 1778 253 1848 ἀπὸ
278 1789 344 1850 ΘΕ
367 1788 450 1869 πρὸς
472 1780 510 1851 τὸ
534 1780 599 1851 ἀπὸ
624 1790 707 1867 ΚΕ,
735 1781 772 1850 τὸ
799 1780 866 1850 ἀπὸ
890 1788 975 1848 ΜΠ
999 1805 1081 1866 προς
1101 1780 1134 1847 τὸ

127 1885 192 1954 ἀπὸ
215 1895 299 1955 ΠΛ·
328 1885 373 1968 ὡς
396 1888 461 1975 ἄρα
484 1891 521 1957 τὸ
546 1887 611 1957 ἀπὸ
636 1895 718 1956 ΜΠ
737 1887 820 1975 πρὸς
842 1889 880 1957 τὸ
905 1889 971 1956 ἀτιο
996 1884 1131 1971 ΠΛ,τέ

126 1990 192 2060 ἄπο
212 2000 294 2060 ΜΠ
312 1994 394 2078 πηὸς
412 1995 449 2062 τό
470 1993 536 2063 ὑπὸ
555 2002 661 2063 ΗΘΛ
684 1996 765 2081 μετὰ
782 2006 843 2064 τοῦ
862 1995 928 2064 ἆιιο
948 2003 1028 2063 ΘΠ.
1066 2010 1135 2062 ἴσον

125 2098 191 2186 ἄρα
218 2098 257 2168 τὸ
285 2098 350 2167 ιἰιιὸ
375 2106 450 2166 ΛΠ
472 2104 518 2190 τῷ
546 2098 613 2168 ὑπὸ
637 2107 742 2170 ΗΘΛ
770 2101 850 2188 μετὰ
878 2105 940 2170 τοῦ
969 2099 1036 2169 ἄπο
1066 2107 1136 2168 ΘΠ.

127 2205 243 2273 εὐθεῖα
262 2203 327 2291 ἄρα
346 2201 367 2291 ἡ
386 2211 459 2272 ΛΗ
478 2207 631 2292 τέτμηται
651 2212 698 2287 εἰς
716 2207 778 2293 μὲν
797 2217 852 2274 ἶσα
870 2234 954 2275 κατα
974 2209 1013 2276 τὸ
1027 2216 1071 2292 Π,
1095 2211 1136 2285 εἰς

71 2327 106 2374 20
126 2313 163 2380 δέ
183 2311 281 2380 ἄνισοι
300 2309 382 2379 κατὰ
400 2311 439 2379 τὸ
458 2318 495 2379 Θ.
522 2319 581 2379 καί
593 2317 657 2380 εἰσι
672 2313 878 2400 παράλληλοι
898 2317 936 2379 αι’
947 2321 1038 2399 ΜΠ,
1053 2319 1135 2380 ΗΝ·

126 2428 181 2505 ι’ὀη
206 2418 271 2507 ἄρα
295 2415 314 2505 ἡ
340 2426 420 2486 ΛΜ
437 2430 476 2506 τῇ
501 2426 588 2485 ΜΝ.

604 2596 669 2663 w'.

190 2722 268 2789 Ἐὰν
292 2719 479 2807 ὑπερβολῆς
502 2720 555 2787 ἐπὶ
578 2693 656 2806 μιᾶς
679 2723 746 2786 τῶν
770 2717 1001 2805 ἆουμιττώτωιι
1024 2701 1135 2808 ληφθῇ

69 2944 104 2991 25
124 2929 179 2994 καὶ
204 2930 261 2995 διὰ
284 2936 341 3014 τῆς
364 2930 454 3017 ἁφῆς
477 2930 567 3018 ἀχθῇ
588 2930 800 3015 παράλληλος
818 2942 857 3018 τῇ
877 2928 1098 3025 ἄσυμιιτοέτῳ,
1119 2931 1137 3018 ἡ

125 3032 181 3100 διὰ
209 3038 271 3100 τοῦ
299 3041 489 3121 ληφθέντος
516 3044 654 3124 σημείου
687 3037 833 3123 ἀγομένη
864 3040 1076 3125 παράλληλος
1103 3043 1138 3128 τῇ

124 3142 218 3229 ἑτέρᾳ
250 3145 319 3207 τῶν
351 3140 579 3230 ἄσυμιιτώτων
612 3143 677 3212 ὑπὸ
711 3148 767 3229 τῆς
800 3149 903 3230 τομῆς
934 3150 981 3225 εἰς
1010 3155 1067 3214 ἴσοι
1096 3153 1138 3215 δι-

124 3246 345 3334 αιρεθήοετοιι.

196 3434 219 3482 6.
239 3420 302 3497 τήν]
321 3429 712 3495 po‚vcorr.ex‹5m.1v.
768 3432 793 3481 8.
814 3429 915 3500 ΒΞΕ]
936 3430 992 3485 ΞΕ
1012 3430 1049 3494 V;
1071 3449 1138 3486 corr.

122 3498 239 3554 Memus.
312 3504 336 3553 9.
356 3496 456 3566 ΒΞΕ]
477 3513 499 3562 ο,
519 3515 588 3553 corr.
609 3502 741 3552 exBZE
761 3501 887 3555 m.1V.
961 3507 1003 3556 10.
1025 3504 1089 3571 ΘΕ,
1108 3497 1135 3572 ὅ]
