2438 3892
114 110 179 175 248
512 108 679 162 Κααωτοα
698 101 736 179 μ’.

113 253 215 337 λέγω,
248 249 301 318 ὅτι
334 246 355 336 ἡ
389 249 581 336 σύμπτωσις
612 245 726 317 αὐτῶν
759 252 851 317 ἔσται
880 250 917 316 έν
944 251 985 338 τῇ
1013 250 1123 336 ἐφεξῆς

114 363 221 448 χωνίηι
243 359 302 443 τῆς
323 355 542 444 περιεχούσης
564 353 626 442 τὴν
649 351 755 440 τομὴν
778 359 912 439 γωνίας.

187 1350 337 1413 ἔστωσαν
365 1341 580 1429 οἷσύμπτωτοι
607 1345 676 1410 τῶν
702 1343 816 1427 τομῶν
845 1345 883 1409 αί
903 1349 982 1429 ΖΗ,
1002 1349 1082 1410 Μ’
1112 1337 1131 1427 ἡ

121 1460 187 1520 ΑΒ
214 1450 280 1539 ίίρα
308 1451 534 1537 ἐκβαλλομένη
563 1461 777 1534 συμπεσεῖται
804 1462 877 1528 ταῖς
899 1447 1131 1536 ἄσυμπτῶτοις.

89 1573 105 1622 5
126 1559 336 1644 συμπιπτέτω
360 1552 443 1623 κατὰ
465 1552 506 1621 τὰ
529 1562 568 1640 Θ,
587 1561 631 1621 Η.
668 1553 723 1621 καὶ
747 1553 817 1622 ἐπεὶ
841 1552 1036 1624 ὑπόκεινται
1060 1574 1132 1642 συμ

121 1669 302 1733 πίπτουσαι
325 1665 363 1729 αί
384 1667 460 1746 ΖΚ,
480 1667 558 1744 ΘΗ,
582 1658 745 1747 φανερόν,
769 1660 821 1728 ὅτι
843 1659 919 1747 ἤτοι
943 1664 981 1730 έν
1005 1666 1051 1753 τῷ
1074 1658 1132 1728 ὑπὸ

121 1770 184 1856 τὴν
208 1777 273 1838 ΘΛ
279 1777 306 1836 Ζ
333 1772 463 1855 γωνίαν
489 1765 580 1854 τόπῳ
610 1770 857 1853 συμπεσοῦνται
885 1767 907 1854 ἢ
937 1769 975 1836 έν
1003 1771 1051 1861 τῷ
1075 1764 1132 1836 ὑπὸ

122 1874 184 1960 την
208 1881 326 1942 ΚΛΗ.
377 1871 500 1959 ὁμοίως
523 1870 561 1938 δὲ
583 1877 651 1957 καί,
675 1871 736 1940 ἐὰν
760 1871 983 1959 ἐφάπτωνται.

602 2047 667 2134 λη’.

71 2191 105 2239 10
188 2169 267 2239 Ἐὰν
300 2182 361 2262 μιᾷ
394 2181 462 2241 τῶν
491 2169 730 2258 ἀντικειμένων
758 2169 875 2240 εὐθεῖα
909 2180 1135 2260 συμπίπτουσα

125 2283 326 2366 ἐκβληθεῖσα
356 2276 409 2364 ἐφ’
442 2276 579 2365 ἕκοίτερα
608 2277 701 2358 ἐκτὸς
731 2284 832 2366 πίπτη
864 2282 922 2365 τῆς
950 2286 1071 2368 τομῆς,
1102 2277 1137 2348 ού

126 2399 339 2475 συμπεσεῖται
353 2389 392 2474 τῇ
409 2386 504 2474 ἑτέρη
517 2389 614 2474 τομῇ,
628 2381 713 2452 ἀλλὰ
728 2399 874 2454 πεσεῖται
890 2384 946 2453 διὰ
961 2391 1031 2454 τῶν
1040 2390 1137 2475 τριῶν

125 2493 250 2580 τόπων,
274 2484 322 2562 ῶν
346 2496 438 2562 ἐστιν
461 2487 508 2572 εἷς
531 2491 592 2578 μέν
617 2488 635 2558 ὁ
659 2488 725 2559 ὑπὸ
748 2488 810 2576 τὴν
833 2493 1059 2578 περιέχουσαν
1081 2518 1137 2579 χω

99 2604 105 2613 ’
126 2607 205 2670 νίαν
228 2601 291 2688 τὴν
309 2598 427 2687 τομήν,
452 2598 515 2667 δύο
536 2598 574 2667 δὲ
593 2601 628 2666 οί
644 2594 710 2666 ὑπὸ
729 2596 788 2677 τὰς
807 2605 932 2683 γωνίας
949 2597 1010 2678 τὰς
1029 2602 1139 2686 ἐφεξῆς

74 2722 108 2771 15
127 2712 186 2794 τῆς
209 2708 426 2795 περιεχούσης
448 2704 511 2791 τὴν
533 2703 641 2791 τομὴν
666 2711 799 2790 γωνίας.

194 2818 344 2880 ἔστωσαν
368 2811 595 2897 ἀντικείμενοι
621 2810 720 2896 τομαὶ
750 2813 786 2876 ac
807 2820 854 2895 A,
872 2818 917 2894 B,
945 2812 1002 2878 καὶ
1030 2811 1141 2898 τὴνΑ

127 2919 271 3000 τεμνέτω
291 2944 340 2994 τις
359 2917 477 2984 εὐθεῖα
496 2914 516 3002 ἡ
532 2922 595 2983 ΓΛ
614 2916 671 2984 καὶ
689 2918 914 3003 ἐκβαλλομένη
936 2914 990 3002 ἐφ’
1008 2918 1143 3007 ἑκοίτερα

129 3019 221 3099 έκτὸς
242 3024 385 3090 πιπτέτω
413 3027 471 3108 της
493 3033 605 3109 τομῆς.
653 3025 753 3108 λέγω,
788 3020 838 3090 ὅτι
866 3019 886 3108 ἡ
910 3027 972 3089 ΓΔ
1001 3023 1044 3092 οὐ
1068 3045 1144 3111 συμ·

129 3131 237 3193 πίπτει
260 3137 300 3214 τῇ
324 3134 352 3193 Β
375 3132 469 3213 τομῇ.

199 3229 361 3317 ἤχθωσαν
380 3230 444 3318 γὰρ
463 3230 677 3321 ἀσύμπτωτοι
696 3237 764 3301 τῶν
786 3238 899 3321 τομῶν
919 3237 957 3301 αί
978 3244 1052 3323 ΕΖ,
1067 3246 1148 3306 ΗΘ·

207 3398 232 3447 3.
252 3387 414 3462 σύμπτωτοι
433 3389 471 3459 V;
491 3409 561 3446 corr.
579 3412 606 3462 p.
681 3399 705 3447 6.
726 3393 794 3463 ZK]
817 3397 874 3447 ΖΗ
889 3394 928 3462 V3
948 3411 1018 3449 corr.
1039 3397 1151 3467 Halley.

170 3470 195 3520 8.
214 3460 279 3534 τήν]
299 3482 326 3533 p,
346 3480 400 3517 om.
416 3463 449 3516 V.
