2438 3892
501 779 781 867 ΙΚΩΝΙΚΩΝ
809 798 855 866 α’.

248 949 468 1029 Ἀπολλώνιος
492 947 639 1040 Εὐδήμῳ
663 955 801 1037 χαίρειν.

250 1061 295 1124 Ec
315 1066 362 1148 τῷ
384 1082 420 1124 τε
444 1055 571 1143 σώματι
599 1049 637 1123 εὖ
661 1056 838 1143 ἐπανάγεις
866 1053 985 1125 καὶτὰ
1008 1055 1096 1125 άλλα
1123 1062 1212 1129 κατὰ

182 1162 322 1249 γνώμην
347 1165 419 1230 ἐστί
439 1183 508 1248 σοι,
536 1170 646 1242 καλῶς
673 1159 716 1231 άν
740 1169 825 1251 ἐχοι,
853 1169 993 1251 μετρίως
1020 1163 1059 1231 δὲ
1083 1170 1210 1254 ἐχομεν

147 1270 238 1338 ὁκαὶ
271 1268 376 1339 αὐτοί.
431 1265 510 1337 καθ’
543 1265 584 1338 δν
616 1268 654 1336 δὲ
681 1268 801 1356 καιρὸν
835 1267 926 1357 ἤμην
953 1269 1034 1356 μετά
1068 1291 1136 1340 σου
1171 1277 1209 1342 ἐν

183 1375 363 1469 Περγάμῳ,
387 1375 561 1462 ἐθεώρουν
584 1396 621 1443 σε
645 1374 834 1444 σπεύδοντα
857 1389 1032 1463 μετασχεῖν
1055 1386 1128 1444 τῶν
1151 1405 1207 1447 πε-

182 1485 384 1571 πραγμένων
399 1480 481 1570 ἡμῖν
496 1486 649 1550 κωνικῶν
656 1504 667 1576 ’ἡ
687 1482 844 1569 πέπομφα
863 1473 926 1550 οὖν
941 1499 994 1550 σοι
1012 1480 1050 1550 τὸ
1065 1487 1206 1570 πρῶτον

182 1593 316 1675 βιβλίον
339 1587 632 1674 διορθωσάμενος,
654 1585 695 1654 τά
720 1586 757 1654 δὲ
780 1587 895 1674 λοιπά,
919 1590 1000 1656 ὅταν
1024 1584 1206 1677 εὐαρεστή-

183 1713 310 1780 σωμεν,
339 1694 636 1778 ἐξαποστελοῦμεν·
670 1689 732 1760 οὐκ
760 1691 969 1781 ἀμνημονεῖν
996 1692 1061 1780 γάρ
1087 1702 1209 1783 οίομαί

129 1819 163 1868 10
184 1819 221 1866 σε
244 1796 322 1885 παρ’
344 1801 426 1885 ἐμοῦ
451 1794 629 1884 άκηκοότα,
654 1798 740 1866 διότι
763 1797 825 1886 τὴν
848 1802 924 1886 περὶ
946 1803 1050 1868 ταῦτα
1072 1805 1206 1886 ἔφοδον

5 1891 6 1897 ¹
71 1951 73 1955 ψ
183 1904 390 1992 ἐποιησάμην
409 1901 567 1985 άξιωθεὶς
588 1901 654 1972 ὑπὸ
676 1905 900 1991 Ναυκράτους
917 1909 979 1974 τοῦ
997 1907 1203 1996 γεωμέτρου,

181 2008 262 2078 καθ’
291 2009 331 2079 δν
354 2009 473 2098 καιρὸν
498 2010 652 2098 ἐσχόλαζε
674 2008 753 2098 παρ’
781 2009 860 2099 ἡμῖν
883 2013 1130 2099 παραγενηθεὶς
1155 2019 1204 2095 είς

4 2178 5 2186 ,
76 2163 78 2165 -
179 2114 442 2205 Ἀλεξάνδρειαν,
462 2119 518 2185 καὶ
533 2116 621 2185 διότι
635 2117 947 2205 πραγματεύσαντες
961 2115 1044 2186 αὐτά
1061 2120 1098 2185 ἐν
1113 2117 1202 2189 ὀκτώ

181 2229 326 2309 βιβλίοις
349 2227 381 2305 ἐξ
410 2221 513 2310 αὐτῆς
540 2223 817 2311 μεταδεδώκαμεν
846 2221 930 2292 αότδι
961 2230 1008 2304 είς
1034 2222 1072 2292 τὸ
1097 2244 1203 2295 σπου-

129 2347 161 2398 15
182 2329 359 2418 δαιότερον
379 2328 491 2398 διὰτὸ
512 2329 594 2418 πρὸς
613 2335 720 2422 ἐκπλφ
741 2327 845 2399 αὐτὸν
865 2328 953 2398 εἶναι
973 2329 1015 2398 οὐ
1037 2333 1202 2400 διακαθά-

183 2463 314 2523 ραντες,
343 2434 428 2505 άλλά
450 2435 561 2504 πάντα
587 2433 628 2503 τὰ
650 2433 881 2505 ὑποπίπτοντα
908 2435 990 2524 ἡμῖν
1013 2440 1131 2517 θέντες
1156 2438 1202 2520 ώς

182 2546 322 2629 ἐσχατον
342 2543 607 2631 ἐπελευσόμενοι.
642 2540 726 2610 ὅθεν
745 2541 864 2629 καιρὸν
884 2553 950 2611 νῦν
967 2543 1129 2629 λαβόντες
1148 2542 1202 2614 άεὶ

181 2644 218 2714 τὸ
248 2648 415 2734 τυγχάνον
445 2647 661 2736 διορθώσεως
690 2651 874 2735 ἐκδίδομεν.
928 2650 984 2715 καὶ
1015 2649 1084 2717 ἐπεὶ
1117 2670 1202 2738 συμ

180 2753 302 2838 βέβηκε
339 2755 394 2820 καὶ
432 2753 555 2835 ἄλλους
591 2754 686 2834 τινὰς
721 2759 789 2823 τών
827 2754 1081 2842 συμμεμιχότων
1118 2756 1201 2843 ἡμῖν

127 2879 162 2928 20
182 2859 415 2945 μετειληφέναι
434 2858 476 2928 τὸ
500 2864 634 2947 πρώτον
657 2858 768 2929 καὶτὸ
789 2860 949 2945 δεύτερον
967 2865 1100 2947 βιβλίον
1118 2864 1201 2950 πρὶν

181 2959 201 3049 ἢ
226 2968 476 3050 διορθωθηναι,
500 2964 544 3053 μὴ
569 2966 758 3055 θαυμάσης,
783 2967 843 3035 ἐὰν
866 2972 1061 3055 περιπίπτης
1084 2965 1202 3052 αὐτοῖς

182 3071 302 3156 ἑτέρως
326 3077 469 3157 ἔχουσιν.
506 3069 571 3140 άπὸ
596 3072 634 3140 δὲ
656 3075 724 3141 τών
748 3072 833 3141 ὀκτώ
857 3078 998 3158 βιβλίων
1021 3073 1061 3141 τά
1083 3079 1201 3162 πρώτα

253 3255 277 3301 1.
292 3242 472 3302 Ἀπολλωνίου
483 3251 627 3318 Περγαίου
642 3251 770 3311 κωνικῶν
780 3244 811 3303 α’
822 3249 855 3304 V.
911 3256 936 3306 8.
953 3246 1186 3322 εὐαρεστήσωμεν

179 3319 209 3372 in
230 3317 256 3372 V
275 3335 322 3372 εστ
339 3317 451 3372 litterae
471 3317 512 3373 ita
531 3320 705 3389 coniunctae,
724 3325 757 3375 ut
775 3318 881 3375 similes
900 3321 970 3376 fiant
988 3340 1026 3378 ετ.
1086 3328 1128 3378 15.
1149 3326 1199 3379 δια

181 3421 328 3494 -16.τά]
343 3441 401 3494 rep.
412 3442 468 3495 mg.
479 3443 515 3480 m.
526 3428 617 3483 rec.V
632 3431 685 3496 (15.
702 3423 805 3500 εὔκλφ)
821 3427 917 3484 addito
932 3402 968 3484 Ιέί
979 3425 1009 3495 ἐξ
1023 3423 1199 3499 άπογράφου
