2438 3892
116 162 183 226 344
514 116 679 212 ΚΩΝΙΚΩΝ
699 154 739 227 ν’·

118 303 156 371 δὲ
183 303 247 388 τὴν
269 308 339 368 ΑΕ
360 299 418 368 διὰ
440 311 502 368 τοῦ
525 307 561 366 Η
582 295 603 386 ἡ
627 304 740 386 ΚΙΗ,
768 296 859 386 παρὰ
883 297 922 367 δὲ
943 298 1007 386 τὴν
1029 296 1116 384 ΒΤὴ

117 415 198 476 ΣΟ·
240 404 392 495 φανερὸν
416 404 470 492 δή,
495 403 547 473 ὅτι
569 403 714 491 σνζνγής
733 405 803 472 ἐστι
827 403 1005 493 διάμετρος
1026 402 1046 491 ἡ
1066 407 1121 481 ΞΗ

118 518 158 602 τῇ
191 520 269 599 ΒΤ,
306 511 363 578 καὶ
401 511 452 579 ὅτι
483 508 505 597 ἡ
539 516 606 578 ΣΟ
637 509 850 598 παράλληλος
885 503 971 580 οὖσα
1003 515 1041 600 τῇ
1069 515 1121 577 ΒΤ

118 621 277 704 κατηκται
306 617 512 703 τεταγμένως
541 617 594 684 ἐπὶ
620 615 684 702 την
708 623 782 684 ΘΗ
784 624 828 702 0,
855 617 913 684 καὶ
943 615 994 686 ὅτι
1016 623 1116 704 παραλ·

86 721 363 810 ὅληλόγραμμόν
387 725 456 790 έστι
479 723 516 789 τὸ
542 728 688 789 ΣΛΘΟ.

189 830 258 896 ἐπεὶ
282 820 345 896 οὖν
369 831 546 915 ἐφάπτεται
569 828 590 914 ἡ
610 834 687 914 ΒΓ,
709 828 766 895 καὶ
790 827 848 895 διὰ
865 832 925 914 τῆς
943 829 1031 917 ἁφῆς
1046 831 1115 896 ἐστιν
1161 860 1163 879 =

122 933 142 1020 ἡ
166 941 243 1020 ΒΘ,
271 935 328 1002 καὶ
352 936 448 1021 ἑτέρα
470 935 683 1021 ἐφαπτομένη
707 935 798 1002 ἐστὶν
821 932 843 1021 ἡ
867 943 950 1021 ΑΕ,
977 936 1113 1022 γεγονέτω

122 1038 168 1119 ως
190 1036 210 1126 η
235 1047 301 1106 AB
324 1037 408 1126 πρὸς
430 1047 510 1126 ΒΕ,
539 1037 560 1126 ἡ
585 1047 664 1108 ΜΝ
686 1038 770 1127 πρὸς
791 1039 854 1126 τὴν
880 1045 1054 1110 διπλασίαν
1072 1051 1114 1126 τῆς

123 1152 196 1214 ΒΓ·
235 1144 255 1231 ἡ
279 1145 345 1233 ἄρα
366 1154 444 1213 ΜΝ
466 1149 558 1214 ἐστιν
580 1145 602 1233 ἡ
626 1147 816 1233 καλουμένη
842 1145 946 1232 ὀρθία
969 1143 1112 1231 τοῦπαρὰ

72 1279 103 1326 10
122 1251 185 1339 τὴν
209 1258 277 1318 ΒΤ
299 1256 420 1330 εἴδους.
467 1256 544 1340 δίχα
571 1251 747 1338 τετμήσθω
777 1249 798 1338 ἡ
822 1259 908 1320 ΜΝ
925 1255 1008 1322 κατὰ
1028 1257 1059 1322 τὸ
1080 1259 1112 1318 Η·
1161 1324 1163 1329 ,

123 1363 214 1426 ἔστιν
247 1357 327 1445 ἄρα,
361 1355 405 1437 ὡς
436 1357 455 1445 ἡ
488 1364 555 1424 AB
581 1356 666 1444 πρὸς
693 1365 771 1443 ΒΕ,
804 1354 825 1444 ἡ
854 1367 938 1427 ΜΠ
961 1361 1040 1448 πρὸς
1062 1361 1113 1426 ΒΓ.
1160 1376 1163 1441 ξ

123 1463 319 1550 πεποιήσθω
349 1464 407 1549 δή,
437 1460 482 1543 ως
513 1461 627 1550 ἡΞΗ
651 1464 735 1548 πρὸς
761 1471 837 1550 ΤΒ,
865 1462 886 1551 ἡ
914 1472 974 1534 ΤΒ
997 1466 1114 1552 nobs?

124 1575 215 1638 ἔσται
244 1569 286 1656 δὴ
314 1571 371 1637 καὶ
398 1567 419 1657 ἡ
442 1577 473 1637 Ρ
496 1569 517 1657 ἡ
541 1572 731 1657 καλουμένη
756 1567 867 1659 ὀρθία
882 1584 945 1640 τοῦ
968 1571 1051 1661 παρὰ
1070 1568 1116 1655 τὴν

123 1678 192 1752 ΞΗ
218 1681 338 1755 εἴδους.
385 1677 469 1744 ἐπεὶΙ
484 1669 547 1744 οὖν
571 1679 680 1763 ἐστιν,
709 1673 754 1756 ὡς
775 1674 797 1763 ἡ
821 1685 888 1746 AB
911 1677 995 1766 πρὸς
1016 1671 1115 1762 Bm

73 1807 106 1854 15
125 1789 209 1849 ΜΠ
227 1779 312 1869 πρὸς
331 1788 408 1867 ΓΒ,
432 1780 506 1850 ἀλλ’
529 1781 574 1862 ὡς
597 1783 659 1870 μὲν
681 1810 702 1869 η
722 1791 789 1850 AB
811 1782 895 1871 πρὸς
914 1792 994 1872 ΒΕ,
1015 1783 1051 1854 τὸ
1069 1777 1118 1850 ἀπὸ
1161 1774 1163 1779 ’

126 1894 193 1953 AB
220 1885 305 1973 πρὸς
326 1885 365 1955 τὸ
387 1885 453 1955 ὑπὸ
476 1894 594 1974 ΔΒΕ,
619 1886 663 1969 ὡς
687 1888 768 1976 δὲὴ
796 1898 874 1957 ΜΠ
896 1889 980 1975 πρὸς
1002 1897 1073 1976 ΓΒ,
1090 1885 1119 1956 τὸ

124 1989 190 2059 ὑπὸ
220 2000 313 2078 ΜΠ,
344 1999 407 2060 ΒΘ
433 1994 517 2080 πρὸς
544 1994 582 2062 τὸ
611 1993 677 2063 ὑπὸ
706 2002 816 2082 ΓΒΘ,
844 1993 890 2075 ὡς
916 1994 984 2083 ἄρα
1009 1998 1045 2066 τὸ
1071 1991 1120 2064 ἀπὸ

124 2104 191 2164 AB
219 2097 304 2183 πρὸς
331 2097 369 2164 τὸ
398 2095 465 2165 ὑπὸ
489 2106 608 2185 ABE,
635 2099 674 2167 τὸ
703 2098 769 2168 ὑπὸ
792 2108 886 2187 ΠΜ,
910 2108 974 2170 ΒΘ
998 2102 1078 2188 πρὸς
1094 2095 1123 2169 τὸ

125 2202 190 2271 ὑπὸ
214 2209 318 2270 ΓΒΘ.
366 2212 442 2271 λ’σον
470 2205 508 2272 δὲ
536 2204 572 2273 τὸ
601 2203 667 2273 ὑπὸ
692 2213 783 2293 ΜΠ,
807 2214 870 2273 ΒΘ
897 2219 942 2298 τῷ
972 2208 1035 2276 ιἰπὸ
1058 2211 1124 2288 ΘΗ,

73 2336 107 2383 -20
128 2309 214 2378 διότι
241 2309 278 2378 τὸ
308 2309 369 2398 μὲν
398 2308 463 2378 ἀπὸ
487 2315 559 2388 ΞΗ
583 2320 659 2379 ἴσον
688 2314 756 2380 ἐστὶ
783 2318 828 2405 τῷ
847 2311 925 2382 ’ὑπο
955 2322 1030 2401 ΤΒ,
1049 2318 1127 2396 ΜΝ,

126 2419 181 2485 καὶ
200 2416 237 2486 τὸ
258 2417 318 2504 μὲν
337 2414 402 2486 ὑπὸ
425 2426 468 2485 Μ
470 2426 504 2485 Π
510 2470 520 2504 ,
540 2425 603 2485 ΒΘ
621 2420 779 2504 τέταρτον
797 2424 858 2487 τοῦ
877 2418 944 2488 ὑπὸ
968 2427 1039 2507 ΤΒ,
1054 2423 1127 2502 ΜΝ,

127 2524 164 2592 τὸ
194 2525 231 2591 δέ
259 2523 323 2592 ιἰπὸ
352 2531 421 2592 ΗΘ
447 2525 605 2611 τέταρτον
632 2528 694 2590 τοῦ
722 2522 787 2591 ἀπὸ
816 2528 896 2600 ΗΞ·
947 2531 1038 2594 ε”οτιν
1067 2525 1129 2612 ἄρα,

128 2628 173 2710 ὡς
195 2630 233 2698 τὸ
257 2628 322 2698 ἀπὸ
341 2639 407 2697 AB
431 2630 515 2718 πρὸς
537 2629 569 2698 τί
599 2627 664 2723 ὑπὸ
684 2637 804 2716 ΔΒΕ,
827 2628 859 2697 τί
888 2629 954 2698 ἀπὸ
974 2638 1044 2699 ΗΘ
1060 2630 1131 2718 πρὸς

127 2736 165 2802 τὸ
198 2734 264 2803 ὑπὸ
299 2744 402 2803 ΓΒΘ.
454 2735 609 2821 ἐναλλάξ,
643 2733 688 2817 ὡς
719 2734 757 2804 τὸ
791 2735 856 2803 ἀπὸ
890 2745 956 2803 AB
990 2741 1074 2823 πρὸς
1101 2737 1131 2803 τὸ

75 2862 108 2908 25
129 2836 193 2905 νἰπὸ
217 2848 301 2925 ΗΘ,
325 2842 362 2909 τὸ
387 2840 452 2910 ὑπὸ
480 2849 582 2909 ABE
602 2841 686 2929 πρὸς
708 2844 746 2910 τὸ
770 2840 835 2910 ὑπὸ
857 2849 962 2911 ΓΒΘ.
1005 2842 1078 2911 ἀλλ’
1098 2840 1134 2922 ὡς

128 2943 189 3028 μὲν
213 2943 250 3009 τὸ
271 2944 336 3011 ἀπὸ
354 2954 422 3013 AB
446 2946 528 3033 πρὸς
550 2948 589 3015 τὸ
607 2947 672 3015 ἀπὸ
692 2955 775 3034 ΘΗ,
799 2947 837 3015 τὸ
857 2957 962 3015 ABE
978 2959 1135 3038 τρίγωνον

128 3045 212 3134 πρὸς
234 3047 272 3114 τὸ
291 3057 396 3116 ΗΘΙ·
435 3053 534 3139 ὅμοια
557 3055 634 3142 γάρ·
673 3052 716 3133 ὡς
741 3054 777 3122 δὲ
796 3055 834 3121 τὸ
854 3052 919 3122 ὑπὸ
941 3064 1048 3124 ABE
1064 3058 1137 3143 πρὸς

128 3151 165 3219 τὸ
190 3148 255 3218 ὑπὸ
276 3160 386 3240 ΓΒΘ,
410 3155 447 3224 τὸ
466 3165 572 3225 ABE
592 3167 760 3248 τρίγωνον
783 3159 867 3247 πρὸς
890 3160 927 3229 τὸ
949 3169 1059 3230 ΓΒΘ·
1100 3160 1139 3240 ὡς

129 3256 193 3346 ἄρα
217 3257 254 3325 τὸ
276 3267 381 3327 ABE
400 3268 567 3348 τρίγωνον
591 3266 676 3355 πρός
693 3265 731 3335 τὸ
751 3273 858 3353 ΗΘΙ,
882 3266 919 3335 τὸ
939 3278 1047 3336 ABE
1063 3268 1141 3354 πρὸς

203 3495 243 3546 12.
263 3493 438 3546 πεποιιίσθω
458 3491 495 3559 V;
515 3508 584 3547 corr.
605 3513 651 3564 cp.

502 3826 612 3860 ⁴-
