2438 3892
43 178 48 186 ·
124 140 191 205 232
341 125 345 134 “
523 140 689 195 mmm<
708 137 746 214 μ’.
779 181 781 184 ,

193 285 263 353 ἐπεὶ
288 282 354 370 γὰρ
382 280 419 351 τὸ
448 281 513 351 ἀπὸ
542 289 609 350 PX
632 291 708 351 ἴσον
736 281 805 350 ἐστὶ
832 285 878 374 τῶ
905 283 1052 374 τετάρτῳ
1078 287 1134 352 τοῦ

124 391 208 481 πρὸς
230 395 270 482 τή
292 398 356 458 ΑΒ
379 394 501 476 εἱθονς,
524 392 570 482 τῷ
595 389 633 458 δὲ
655 387 720 458 άτιὸ
741 395 808 456 PX
828 396 904 457 ἴσον
928 391 998 458 ἐστὶ
1016 387 1054 459 τὸ
1074 388 1132 459 άτὸ

125 506 209 585 ΑΕ,
232 499 288 567 καὶ
311 497 348 567 τὸ
373 495 439 566 άτὸ
460 504 529 565 ΑΕ
550 495 616 585 άρα
639 504 716 565 ἴσον
733 496 803 564 ἐστὶ
821 499 866 591 τῷ
884 495 1030 589 τετάρτῳ
1049 498 1134 587 μέρει

125 610 188 674 τοῦ
214 604 298 695 πρὸς
324 607 364 693 τή
392 610 457 673 AB
485 607 607 683 εἶθονς.
653 601 837 691 ἐπεζεύχθω
866 600 989 690 ήΕΧ·
1036 603 1133 692 ἀσύμ-

90 735 252 794 σττωτος
275 711 339 799 άρα
364 711 455 780 ἐστὶν
477 709 498 798 ή
518 718 590 778 EX.
631 709 669 779 τὸ
694 708 760 796 ἄρα
778 716 810 776 Ε
831 724 972 798 σημεῖον
994 710 1079 799 πρὸς
1100 714 1134 800 τή

124 816 331 909 άσνμττῶτῳ
354 820 453 886 ἐστίν.
620 903 652 992 ss'

599 932 618 972 κ
655 959 662 973 .

188 1031 268 1101 Ἐὰν
295 1033 332 1099 ἐν
360 1045 432 1109 ταῖς
459 1029 541 1098 κατά
572 1036 731 1116 συζυγίαν
754 1029 997 1118 ἀντικειμέναις
1022 1034 1058 1100 ἐκ
1078 1035 1134 1102 τοῦ

123 1141 264 1229 κέντρον
288 1136 405 1207 εὐθεῖα
428 1136 519 1227 άχθή
542 1140 627 1226 πρὸς
645 1137 831 1207 ὁποιανοῦν
849 1142 917 1208 τῶν
935 1143 1063 1228 τομῶν,
1084 1139 1135 1208 καὶ

71 1269 106 1319 10
124 1249 226 1336 ταύτῃ
250 1243 461 1334 παράλληλος
483 1241 573 1334 άχθή
597 1250 828 1331 σνμτίττονσα
852 1249 911 1334 μιᾷ
935 1249 1004 1314 τῶν
1024 1248 1135 1335 ἐφεξῆς

124 1355 238 1441 τομῶν
270 1353 326 1420 καὶ
357 1365 429 1432 ταῖς
461 1348 705 1438 άσνμκτῶτοις,
739 1351 776 1420 τὸ
808 1351 1048 1442 περιεχόμενον
1075 1351 1136 1423 ὑπὸ

124 1464 192 1528 τῶν
224 1463 282 1548 τῆς
311 1457 470 1548 ἀχθείσης
496 1457 675 1547 τμημάτων
702 1462 770 1526 τῶν
799 1461 989 1546 γινομένων
1019 1457 1136 1549 μεταξὺ

124 1569 182 1654 τής
203 1571 307 1655 τομῆς
329 1566 385 1635 καὶ
407 1571 475 1635 τῶν
499 1563 725 1654 άσνμττῶτων
748 1574 824 1634 ἴσον
843 1568 913 1635 ἐστὶ
929 1571 975 1659 τῷ
995 1566 1063 1637 άτὸ
1081 1570 1136 1655 τῆς

124 1675 160 1740 ἐκ
183 1677 243 1742 τοῦ
267 1675 408 1762 κε’ντρον
431 1672 635 1765 τετραγώνῳ.

72 1801 105 1851 15
192 1784 341 1849 ἔστωσαν
382 1781 465 1848 κατά
507 1786 667 1866 σνζνγίαν
707 1776 932 1867 άντικείμεναι
969 1782 1068 1869 τομαὶ
1103 1783 1138 1848 αἱ

123 1892 171 1971 Α,
195 1892 239 1971 Β,
264 1891 302 1972 Γ,
325 1894 374 1972 Δ,
403 1883 614 1972 άσύμκτωτοι
644 1885 680 1954 δὲ
703 1890 771 1954 τῶν
795 1890 906 1972 τομῶν
930 1891 1081 1956 ἔστωσαν
1104 1890 1138 1956 αἱ

124 1998 239 2077 ΧΕΖ,
258 1998 373 2078 ΧΗΘ,
395 1992 451 2059 καὶ
474 1989 539 2060 άπὸ
563 1996 623 2061 τοῦ
646 1994 787 2082 κέντρον
809 2004 871 2062 τοῦ
891 2001 924 2061 X
940 1994 1072 2083 διήχθω
1091 2021 1137 2075 τις

123 2094 241 2166 εὐθεῖα
265 2095 284 2185 ή
306 2105 420 2184 ΧΓΔ,
443 2098 499 2165 καὶ
521 2098 731 2187 παράλληλος
755 2098 838 2189 αὐτή
857 2098 953 2188 ήχθω
973 2103 1137 2188 τέμνοντα

123 2203 184 2291 τήν
218 2230 253 2274 τε
286 2208 403 2294 ἐφεξῆς
434 2206 540 2294 τομήν
572 2208 626 2274 καὶ
659 2204 717 2287 τὰς
750 2205 990 2293 άσνμπτῶτονς
1019 2208 1040 2296 ή
1068 2215 1137 2277 ΘΕ.

71 2337 106 2388 20
125 2313 222 2400 λέγω,
247 2311 298 2381 ὅτι
322 2311 359 2383 τὸ
383 2310 448 2382 ὑπὸ
474 2321 576 2382 ΕΚΘ
600 2324 675 2382 ἴσον
699 2315 769 2382 ἐστὶ
792 2319 837 2405 τῷ
862 2312 926 2384 άπὸ
946 2322 1018 2384 ΓΧ.

191 2420 366 2508 τετμήσθω
397 2425 472 2509 δίχα
500 2419 521 2508 ή
551 2429 586 2488 Κ
594 2431 622 2489 Λ
649 2420 731 2489 κατὰ
760 2419 797 2490 τὸ
825 2429 878 2506 Μ,
911 2423 967 2489 καὶ
996 2425 1136 2510 ἐπιζευχ-

123 2537 223 2597 θεῖσα
255 2526 275 2616 ή
304 2537 383 2598 MX
410 2528 639 2617 ἐκβεβλήσθω·
691 2528 866 2616 διάμετρος
899 2527 964 2618 άρα
997 2529 1089 2597 ἐστὶν
1116 2521 1136 2615 ή

122 2643 189 2703 ΑΒ
219 2641 288 2706 τῶν
310 2648 357 2723 Α,
381 2643 409 2703 Β
433 2639 552 2724 τομῶν.
598 2637 653 2703 καὶ
677 2633 790 2732 ἐπεὶῗή
813 2634 895 2703 κατὰ
917 2634 955 2703 τὸ
980 2646 1012 2702 Α
1036 2639 1136 2724 ἐφαπ-

123 2744 246 2828 τομένη
275 2742 486 2831 παράλληλός
514 2744 581 2810 ἐστι
611 2745 649 2830 τή
674 2749 751 2827 ΕΘ,
780 2741 890 2830 ήάρα
914 2749 977 2810 ΕΘ
1000 2745 1052 2811 ἐπὶ
1077 2742 1137 2829 τήν

70 2869 105 2919 25
124 2853 190 2913 AB
219 2850 424 2937 τεταγμένως
453 2850 520 2919 ἐστὶ
548 2850 743 2936 κατηγμένη.
790 2849 844 2916 καὶ
867 2850 1009 2935 κέντρον
1033 2848 1070 2917 τὸ
1096 2856 1136 2917 Χ·

123 2955 160 3019 ai
187 2960 268 3038 ΑΒ,
293 2961 359 3021 ΓΛ
392 2954 456 3043 άρα
490 2962 640 3043 συζυγεῖς
673 2961 737 3023 εἰσι
770 2956 949 3044 διάμετροι.
1001 2954 1039 3023 τὸ
1073 2955 1136 3045 ἄρα

123 3055 189 3126 άπὸ
220 3065 288 3126 PX
317 3069 393 3128 ἴσον
425 3064 494 3130 ἐστὶ
526 3074 571 3152 τῷ
604 3063 746 3155 τετάρτῳ
774 3068 834 3132 τοῦ
863 3063 951 3152 παρὰ
979 3062 1043 3149 τήν
1072 3070 1136 3131 ΑΒ

123 3169 243 3246 εἰθονς.
280 3172 325 3259 τῷ
347 3167 383 3234 δὲ
400 3168 544 3260 τετάρτῳ
564 3172 654 3259 μέρει
673 3175 734 3238 τοῦ
754 3169 842 3258 παρὰ
861 3169 922 3258 τήν
941 3177 1006 3237 ΑΒ
1026 3174 1136 3249 εἴδους

195 3370 219 3418 4.
239 3363 303 3433 τοῦ]
322 3361 367 3416 bis
381 3361 414 3430 V,
434 3380 503 3418 corr.
524 3382 593 3434 cvp.
668 3371 709 3420 12.
729 3366 796 3437 τῶν]
812 3367 883 3436 (alt.)
904 3364 1013 3434 addidi;
1033 3383 1088 3422 om.
1103 3365 1135 3420 V.

162 3442 202 3490 17.
224 3439 252 3489 X
256 3437 315 3503 EZ,
331 3438 359 3487 X
363 3437 393 3486 H
397 3434 432 3505 Θ]
452 3437 543 3501 EXZ,
560 3439 620 3489 ΗΧ
625 3439 649 3491 Θ
668 3456 698 3506 p,
718 3437 821 3506 Halley
840 3454 902 3491 cum
922 3437 1135 3500 Commandino;

125 3508 175 3562 sed
195 3505 245 3563 cfr.
260 3505 308 3562 lin.
325 3513 366 3562 18.
423 3511 464 3560 19.
485 3506 551 3577 ΘΕ]
573 3509 630 3562 ΘΧ
645 3509 682 3576 V3
703 3526 771 3564 corr.
786 3508 894 3566 Memus
913 3511 976 3578 (οὓς
1002 3510 1059 3564 ΘΙ(
1066 3512 1091 3563 Ε
1109 3526 1135 3580 p.
