2438 3892
369 162 585 216 corneorum
602 164 712 214 amaa
729 164 779 216 111.
1011 161 1077 225 431

60 328 123 390 que
165 305 262 371 etiam
307 297 732 388 AA2AT=A13=nr3
774 306 860 391 quod
901 304 1107 372 absurdum'

59 415 120 478 eat.
167 421 244 497 ergo
272 415 350 516 ΘΛΙ
366 411 641 498 perpendicularis
668 434 734 477 non
765 416 815 477 est
839 434 898 478 nec
920 413 989 477 ulla
1012 415 1079 479 alia

57 521 189 603 praeter
213 521 284 584 ΘΕ.

499 604 646 672 XLVIII.

127 720 247 786 Iisdem
280 721 398 805 positis
432 720 734 805 demonstrandum,
764 726 870 788 rectas
904 746 923 788 a
954 730 1077 809 puncto

57 829 230 894 contactus
254 826 295 892 ad
318 830 440 912 puncta
464 826 680 910 adplicationc
704 832 777 893 orta
800 828 913 895 ductas
938 830 978 895 ad
1002 854 1077 897 con-

56 934 243 1020 tingentem
267 934 406 1019 angulos
430 934 580 1018 aequales
605 933 739 1000 efficere.

127 1043 357 1125 supponantur
384 1040 470 1104 enim
498 1040 625 1125 eadem,
654 1040 872 1127 ducanturque
901 1047 976 1129 ΕΖ,
1000 1049 1078 1113 ΕΗ.

57 1148 146 1231 dieo,
171 1148 592 1222 1111ΛΓΕΖΞΗΕΔ.
701 1214 707 1226 ,

124 1274 203 1318 nam
245 1253 399 1337 quoniam
440 1253 555 1337 anguli
592 1256 714 1337 ΛΗΘ,
744 1260 845 1321 ΛΕΘ
882 1259 963 1322 recti
1000 1262 1079 1323 sunt

61 1362 168 1445 [prop.
189 1357 289 1445 XLV,
310 1357 462 1442 XLVH]‚
486 1359 625 1425 circulus
649 1361 769 1425 circum
793 1362 986 1428 diametrum
1010 1369 1077 1429 ΔΘ

724 2073 758 2117 [⁷

56 2179 238 2264 descriptus
270 2201 329 2264 per
359 2181 481 2263 puncta
513 2182 557 2262 E,
585 2181 621 2242 H
647 2177 757 2242 ueniet
786 2177 888 2258 [Eucl.
916 2175 1075 2268 111,31];

57 2308 157 2370 quare
176 2287 325 2361 [ΑΘΗ
335 2315 376 2338 =
392 2288 425 2347 A
431 2287 506 2349 ΕΗ
519 2283 626 2365 [Eucl.
645 2282 703 2368 ΠΙ,
721 2285 794 2365 21];
812 2305 890 2348 nam
908 2284 944 2347 in
963 2285 1075 2349 eodem

56 2383 226 2478 segmento
249 2390 351 2475 positi
373 2393 459 2456 sunt.
506 2390 619 2455 eadem
643 2390 681 2453 do
705 2410 803 2453 causa
827 2390 927 2454 ctiam
1036 2431 1039 2438 -

412 2498 480 2573 [Γ
482 2499 544 2560 ΕΖ
560 2525 602 2549 =
618 2498 651 2560 Γ
653 2500 722 2560 ΘΖ.

56 2606 249 2685 1111111111
281 2604 593 2679 [roza-Aeli
625 2601 726 2682 [llucl.
759 2599 790 2685 Ι,
824 2600 894 2685 15];
924 2622 999 2664 nam
1034 2602 1074 2665 ad

55 2710 214 2776 uerticem
246 2709 347 2794 positi
380 2712 464 2777 sunt.
519 2714 596 2793 ergo
630 2707 728 2772 etiam
756 2709 888 2783 [ΓΕΖ
903 2736 945 2758 --
960 2709 1075 2770 ΔΕΗ.

507 2864 623 2932 XLIX.

122 2960 244 3039 liudem
271 2973 391 3059 positis
419 2974 447 3039 si
475 2973 516 3038 ab
546 2974 654 3057 aliquo
682 2975 877 3057 punctorum
904 2970 1073 3055 perpendi-

56 3081 175 3146 cularis
205 3082 243 3146 ad
270 3081 516 3165 contingentem
539 3079 680 3164 ducitur,
707 3083 815 3144 rectae
839 3100 859 3142 a
881 3081 1002 3163 puncto
1026 3077 1075 3141 ita

56 3190 129 3252 orto
149 3187 190 3252 ad
208 3187 367 3253 terminos
387 3186 455 3251 axis
475 3185 591 3252 ductae
607 3189 732 3251 rectum
748 3186 905 3271 angulum
919 3183 1073 3249 efficiunt.

123 3298 349 3378 supponantur
372 3293 459 3357 enim
482 3292 602 3376 eadem,
625 3293 658 3355 et
677 3290 718 3355 ab
742 3294 779 3358 H
793 3290 834 3355 ad
853 3291 920 3353 ΓΔ
936 3311 1073 3373 perpen-
1164 3336 1170 3343 -

56 3399 206 3465 dicularis
239 3399 376 3466 ducatur
402 3402 485 3484 He,
517 3398 737 3480 ducanturque
768 3401 847 3481 ΑΘ,
870 3398 941 3459 ΒΘ.
992 3393 1073 3478 dico,

56 3507 212 3592 angulum
236 3509 334 3570 ΑΘΒ
357 3509 482 3571 rectum
506 3525 585 3570 ease.
