2446 3916
424 181 640 233 comconuu
657 183 767 233 amna
784 184 821 238 u.
1065 181 1131 246 243

113 322 340 407 [uu01.1,30].
377 327 410 387 et
427 326 498 388 ΗΘ
516 324 695 389 diametrus
714 328 777 409 est;
799 325 911 409 itaque
931 327 992 390 ΓΘ
1007 357 1049 378 =
1064 330 1132 390 ΘΛ

114 426 144 510 [Ι
163 428 225 493 def.
238 432 285 511 4].
322 429 407 515 quod
422 430 600 495 absurdum
614 435 677 515 est3
700 431 930 515 supposuimus
945 432 1042 516 enim,
1060 454 1130 497 esse

111 538 231 600 FE=
246 540 323 600 EA.
377 538 488 622 itaque
524 542 599 602 ΗΘ
635 538 812 602 diametrus
849 560 916 602 non
952 541 1011 603 est
1065 539 1130 602 iam

111 641 263 706 similiter
300 642 615 729 demonstrabimus,
651 666 691 709 ne
728 645 826 709 aliam
864 644 994 729 quidem
1028 644 1130 709 ullam

111 748 304 814 diametrum
341 771 412 814 esse
449 755 578 834 praeter
613 755 685 815 EZ.
740 773 818 836 ergo
855 755 917 816 ΕΖ
954 750 1129 814 diametrus

111 855 266 919 sectionis
291 857 361 922 erit.

560 1033 677 1099 XXIX.

178 1171 213 1238 Si
239 1174 275 1238 in
305 1174 379 1238 ooni
407 1175 550 1239 sectione
579 1175 632 1238 uel
660 1175 781 1240 circulo
809 1175 892 1240 duae
919 1179 1028 1240 rectae
1056 1198 1128 1240 oon·

108 1280 275 1364 tingentes
299 1284 502 1365 concurrunt,
524 1284 614 1344 recta
638 1302 657 1344 a
679 1284 801 1364 puncto
824 1303 935 1346 earum
954 1302 1128 1347 concursus

108 1384 150 1449 ad
172 1389 329 1469 punctum
353 1386 495 1450 medium
521 1390 629 1451 rectae
658 1390 779 1471 puncta
802 1389 971 1452 contactus
996 1389 1128 1452 coniun-

108 1491 215 1576 gentis
239 1491 336 1557 ducta
358 1492 535 1558 diametrus
560 1493 714 1558 sectionis
739 1496 797 1557 est.

178 1599 222 1663 sit
255 1599 328 1664 coni
360 1599 461 1665 sectio
493 1601 545 1664 uel
578 1600 734 1683 circulus,
771 1621 867 1683 quam
900 1600 1128 1685 contingentes

107 1705 267 1770 ducantur
289 1710 396 1770 rectae
419 1710 495 1790 AB,
513 1709 582 1769 ΛΓ
601 1707 637 1769 in
659 1711 692 1769 A
715 1708 954 1784 concurrentes,
978 1710 1012 1770 et
1029 1706 1128 1772 ducta

105 1814 174 1879 ΒΓ
191 1813 226 1876 in
248 1815 282 1874 A
304 1811 339 1875 in
362 1811 441 1876 duas
464 1817 575 1897 partes
595 1813 746 1897 aequales
768 1816 904 1897 secetur,
928 1813 1126 1898 duceturque

105 1923 186 1983 ΑΔ.
232 1918 318 2002 dico,
342 1940 413 1983 eam
436 1919 632 1983 diametrum
656 1919 809 1984 sectionis
835 1940 916 1984 esse.

172 2047 249 2089 nam
273 2024 301 2088 si
324 2025 395 2089 fieri
417 2027 536 2109 potest,
560 2026 605 2089 sit
627 2029 698 2089 AE
716 2025 903 2108 diametrus,
927 2026 1126 2111 duceturque

104 2134 181 2214 EF3
210 2152 250 2196 ea
276 2132 379 2214 igitur
406 2131 583 2196 sectionem
612 2132 736 2197 secabit
765 2133 802 2217 [I,
830 2133 988 2214 35-36].
1040 2137 1127 2198 secet

103 2239 139 2302 in
162 2242 199 2320 Z,
228 2241 261 2302 et
283 2259 341 2321 per
365 2242 392 2301 Z
415 2241 521 2302 rectae
546 2217 647 2303 ΓᾸΒ
670 2240 827 2323 parallela
851 2240 987 2304 ducatur
1011 2241 1123 2303 ZKH.

102 2344 170 2409 iam
203 2345 355 2429 quoniam
388 2346 457 2407 ΓΔ
472 2375 514 2396 ==
529 2350 611 2430 AB,
643 2345 706 2409 erit
738 2346 838 2410 etiam
867 2345 973 2426 [Euol.
1001 2343 1059 2422 Vi,
1086 2346 1122 2425 4]

105 2455 167 2514 ΖΘ
181 2481 223 2503 =
239 2454 314 2515 ΘΗ.
352 2455 385 2515 et
407 2453 559 2539 quoniam
584 2454 673 2516 recta
696 2452 730 2515 in
749 2455 780 2514 A
804 2451 995 2534 contingens
1017 2452 1140 2513 rectae

104 2560 170 2621 ΒΓ
188 2557 348 2641 parallela
371 2561 420 2621 est
445 2559 549 2643 [prop.
571 2556 721 2638 V-VI],
744 2560 777 2621 et
801 2558 900 2621 etiam
924 2558 999 2619 ZH
1016 2559 1125 2619 rectae

102 2666 170 2728 ΒΓ
197 2665 354 2748 parallela
387 2667 450 2748 est,
482 2665 545 2728 erit
571 2665 671 2728 etiam
699 2666 770 2727 ΖΗ
792 2665 899 2727 rectae
927 2662 963 2726 in
991 2665 1022 2724 A
1050 2683 1123 2726 oon-

101 2769 242 2854 tingenti
279 2769 447 2854 parallela.
505 2770 614 2851 itaque
653 2771 714 2831 ΖΘ
729 2798 771 2819 ==
787 2770 855 2831 ΘΚ
891 2768 934 2852 [1,
959 2769 1122 2852 46-47];

103 2874 189 2959 quod
212 2875 283 2938 fieri
305 2897 372 2939 non
394 2877 512 2959 potest.
549 2875 658 2959 itaque
683 2877 753 2938 ΔΕ
773 2874 949 2939 diametrus
972 2897 1040 2940 non
1063 2880 1121 2940 est.

102 2982 343 3069 iamrsimiliter
366 2981 669 3064 demonstrabimus,
691 3003 732 3046 ne
756 2981 854 3044 aliam
874 2981 1002 3064 quidem
1020 2983 1121 3047 ullam

102 3088 297 3153 diametrum
322 3109 391 3151 esse
415 3091 545 3172 praeter
568 3093 647 3172 ΑΔ.

100 3350 212 3420 Halley.
269 3356 311 3404 17.
332 3345 407 3404 ἐστίν
427 3382 459 3390 -
481 3356 523 3406 18.
544 3351 602 3421 ἴση]
622 3368 676 3404 om.
696 3352 731 3419 V,
750 3366 821 3405 oorr.
841 3351 959 3406 Memus.
1022 3357 1062 3406 19.
1082 3351 1118 3422 Α]

101 3440 149 3491 cv,
169 3439 238 3478 corr.
259 3436 293 3476 ex
312 3427 334 3474 A
353 3439 389 3474 m.
411 3428 424 3474 1
445 3422 479 3477 V.
557 3427 598 3475 20.
620 3419 690 3493 ἔστι]
711 3421 758 3476 καὶ
778 3419 838 3477 ἔστι
856 3423 891 3491 V,
910 3437 980 3477 corr.
999 3420 1109 3476 Memus

909 3615 966 3669 Kb*
