<?xml version="1.0" encoding="UTF-8"?>
<!DOCTYPE html PUBLIC "-//W3C//DTD XHTML 1.0 Transitional//EN"
    "http://www.w3.org/TR/xhtml1/DTD/xhtml1-transitional.dtd">
<html xmlns="http://www.w3.org/1999/xhtml" xml:lang="en" lang="en">
 <head>
  <title>
</title>
<meta http-equiv="Content-Type" content="text/html;charset=utf-8" />
  <meta name='ocr-system' content='tesseract 3.04.00' />
  <meta name='ocr-capabilities' content='ocr_page ocr_carea ocr_par ocr_line ocrx_word'/>
</head>
<body>
  <div class='ocr_page' id='page_1' title='image "./apolloniipergae00apolgoog_0023.png"; bbox 0 0 2438 3892; ppageno 0'>
   <div class='ocr_carea' id='block_1_1' title="bbox 323 833 829 910">
    <p class='ocr_par' dir='ltr' id='par_1_1' title="bbox 323 833 829 910">
     <span class='ocr_line' id='line_1_1' title="bbox 323 833 829 910; baseline 0.008 -4"><span class='ocrx_word' id='word_1_1' title='bbox 323 833 601 908; x_wconf 82' lang='lat' dir='ltr'>CONIOORUM</span> <span class='ocrx_word' id='word_1_2' title='bbox 628 836 771 910; x_wconf 82' lang='lat' dir='ltr'>LIBER</span> <span class='ocrx_word' id='word_1_3' title='bbox 800 837 829 910; x_wconf 92' lang='grc' dir='ltr'>Ι.</span> 
     </span>
    </p>
   </div>
   <div class='ocr_carea' id='block_1_2' title="bbox 28 990 1083 3204">
    <p class='ocr_par' dir='ltr' id='par_1_2' title="bbox 131 990 549 1075">
     <span class='ocr_line' id='line_1_2' title="bbox 131 990 549 1075; baseline 0.005 -21"><span class='ocrx_word' id='word_1_4' title='bbox 131 990 330 1075; x_wconf 82' lang='lat' dir='ltr'>Apollonius</span> <span class='ocrx_word' id='word_1_5' title='bbox 353 990 499 1056; x_wconf 79' lang='lat' dir='ltr'><strong>Eudemo</strong></span> <span class='ocrx_word' id='word_1_6' title='bbox 524 1014 549 1056; x_wconf 90' lang='lat' dir='ltr'>s.</span> 
     </span>
    </p>

    <p class='ocr_par' dir='ltr' id='par_1_3' title="bbox 28 1097 1083 3204">
     <span class='ocr_line' id='line_1_3' title="bbox 32 1097 1082 1184; baseline 0.005 -22"><span class='ocrx_word' id='word_1_7' title='bbox 32 1110 35 1119; x_wconf 90' lang='lat'>&#39;</span> <span class='ocrx_word' id='word_1_8' title='bbox 132 1097 167 1163; x_wconf 81' lang='lat' dir='ltr'>si</span> <span class='ocrx_word' id='word_1_9' title='bbox 194 1117 329 1181; x_wconf 90' lang='lat' dir='ltr'>corpore</span> <span class='ocrx_word' id='word_1_10' title='bbox 357 1098 555 1162; x_wconf 85' lang='lat' dir='ltr'>conualescis</span> <span class='ocrx_word' id='word_1_11' title='bbox 580 1102 748 1184; x_wconf 88' lang='lat' dir='ltr'>ceteraque</span> <span class='ocrx_word' id='word_1_12' title='bbox 771 1099 835 1165; x_wconf 89' lang='lat' dir='ltr'>tibi</span> <span class='ocrx_word' id='word_1_13' title='bbox 858 1122 897 1164; x_wconf 84' lang='lat' dir='ltr'>ex</span> <span class='ocrx_word' id='word_1_14' title='bbox 920 1102 1082 1168; x_wconf 86' lang='lat' dir='ltr'>sententia</span> 
     </span>
     <span class='ocr_line' id='line_1_4' title="bbox 65 1201 1082 1290; baseline 0.003 -20"><span class='ocrx_word' id='word_1_15' title='bbox 65 1209 152 1288; x_wconf 88' lang='lat' dir='ltr'>sunt,</span> <span class='ocrx_word' id='word_1_16' title='bbox 174 1205 256 1269; x_wconf 90' lang='lat' dir='ltr'>bene</span> <span class='ocrx_word' id='word_1_17' title='bbox 281 1207 338 1288; x_wconf 90' lang='lat' dir='ltr'>est,</span> <span class='ocrx_word' id='word_1_18' title='bbox 362 1201 509 1286; x_wconf 83' lang='lat' dir='ltr'>equidem</span> <span class='ocrx_word' id='word_1_19' title='bbox 534 1206 613 1269; x_wconf 89' lang='lat' dir='ltr'>satis</span> <span class='ocrx_word' id='word_1_20' title='bbox 636 1206 739 1272; x_wconf 91' lang='lat' dir='ltr'>ualeo.</span> <span class='ocrx_word' id='word_1_21' title='bbox 782 1229 844 1290; x_wconf 93' lang='lat' dir='ltr'>quo</span> <span class='ocrx_word' id='word_1_22' title='bbox 870 1210 978 1272; x_wconf 88' lang='lat' dir='ltr'>autem</span> <span class='ocrx_word' id='word_1_23' title='bbox 1001 1211 1082 1273; x_wconf 88' lang='lat' dir='ltr'>tem-</span> 
     </span>
     <span class='ocr_line' id='line_1_5' title="bbox 63 1309 1082 1397; baseline 0 -19"><span class='ocrx_word' id='word_1_24' title='bbox 63 1333 142 1396; x_wconf 83' lang='lat' dir='ltr'>pore</span> <span class='ocrx_word' id='word_1_25' title='bbox 169 1315 277 1376; x_wconf 89' lang='lat' dir='ltr'>tecum</span> <span class='ocrx_word' id='word_1_26' title='bbox 301 1309 452 1394; x_wconf 78' lang='lat' dir='ltr'>Pergami</span> <span class='ocrx_word' id='word_1_27' title='bbox 476 1331 579 1393; x_wconf 91' lang='lat' dir='ltr'>eram,</span> <span class='ocrx_word' id='word_1_28' title='bbox 607 1310 756 1376; x_wconf 84' lang='lat' dir='ltr'>uidebam</span> <span class='ocrx_word' id='word_1_29' title='bbox 779 1317 812 1377; x_wconf 92' lang='lat' dir='ltr'>te</span> <span class='ocrx_word' id='word_1_30' title='bbox 837 1314 989 1397; x_wconf 89' lang='lat' dir='ltr'>cupidum</span> <span class='ocrx_word' id='word_1_31' title='bbox 1013 1336 1082 1379; x_wconf 90' lang='lat' dir='ltr'>esse</span> 
     </span>
     <span class='ocr_line' id='line_1_6' title="bbox 64 1417 1083 1502; baseline 0.001 -20"><span class='ocrx_word' id='word_1_32' title='bbox 64 1418 175 1482; x_wconf 87' lang='lat' dir='ltr'>conica</span> <span class='ocrx_word' id='word_1_33' title='bbox 208 1439 227 1482; x_wconf 89' lang='grc'>1</span> <span class='ocrx_word' id='word_1_34' title='bbox 258 1437 309 1481; x_wconf 91' lang='lat' dir='ltr'>me</span> <span class='ocrx_word' id='word_1_35' title='bbox 343 1417 509 1481; x_wconf 88' lang='lat' dir='ltr'>elaborata</span> <span class='ocrx_word' id='word_1_36' title='bbox 538 1417 763 1501; x_wconf 85' lang='lat' dir='ltr'>cognoscendi.</span> <span class='ocrx_word' id='word_1_37' title='bbox 815 1439 914 1502; x_wconf 91' lang='lat' dir='ltr'>quare</span> <span class='ocrx_word' id='word_1_38' title='bbox 942 1419 1083 1502; x_wconf 91' lang='lat' dir='ltr'>primum</span> 
     </span>
     <span class='ocr_line' id='line_1_7' title="bbox 63 1523 1082 1611; baseline 0 -22"><span class='ocrx_word' id='word_1_39' title='bbox 63 1525 184 1589; x_wconf 91' lang='lat' dir='ltr'>librum</span> <span class='ocrx_word' id='word_1_40' title='bbox 207 1523 248 1588; x_wconf 84' lang='lat' dir='ltr'>ad</span> <span class='ocrx_word' id='word_1_41' title='bbox 271 1527 303 1587; x_wconf 88' lang='lat' dir='ltr'>te</span> <span class='ocrx_word' id='word_1_42' title='bbox 326 1523 415 1608; x_wconf 87' lang='lat' dir='ltr'>misi,</span> <span class='ocrx_word' id='word_1_43' title='bbox 438 1527 615 1608; x_wconf 79' lang='lat' dir='ltr'>postquam</span> <span class='ocrx_word' id='word_1_44' title='bbox 639 1545 712 1588; x_wconf 93' lang='lat' dir='ltr'>eum</span> <span class='ocrx_word' id='word_1_45' title='bbox 737 1525 917 1609; x_wconf 90' lang='lat' dir='ltr'>emendaui,</span> <span class='ocrx_word' id='word_1_46' title='bbox 940 1525 1082 1611; x_wconf 88' lang='lat' dir='ltr'>reliquos</span> 
     </span>
     <span class='ocr_line' id='line_1_8' title="bbox 62 1629 1082 1716; baseline 0.001 -21"><span class='ocrx_word' id='word_1_47' title='bbox 62 1635 185 1714; x_wconf 89' lang='lat' dir='ltr'>autem,</span> <span class='ocrx_word' id='word_1_48' title='bbox 212 1630 340 1714; x_wconf 89' lang='lat' dir='ltr'>quando</span> <span class='ocrx_word' id='word_1_49' title='bbox 364 1629 405 1694; x_wconf 88' lang='lat' dir='ltr'>iis</span> <span class='ocrx_word' id='word_1_50' title='bbox 430 1631 574 1695; x_wconf 87' lang='lat' dir='ltr'>contenti</span> <span class='ocrx_word' id='word_1_51' title='bbox 599 1630 732 1713; x_wconf 90' lang='lat' dir='ltr'>erimus,</span> <span class='ocrx_word' id='word_1_52' title='bbox 756 1631 932 1696; x_wconf 80' lang='lat' dir='ltr'>mittemus.</span> <span class='ocrx_word' id='word_1_53' title='bbox 977 1653 1082 1716; x_wconf 87' lang='lat' dir='ltr'>neque</span> 
     </span>
     <span class='ocr_line' id='line_1_9' title="bbox 64 1736 1080 1821; baseline 0.001 -18"><span class='ocrx_word' id='word_1_54' title='bbox 64 1738 149 1803; x_wconf 90' lang='lat' dir='ltr'>enim</span> <span class='ocrx_word' id='word_1_55' title='bbox 173 1736 281 1820; x_wconf 92' lang='lat' dir='ltr'>credo,</span> <span class='ocrx_word' id='word_1_56' title='bbox 309 1738 342 1800; x_wconf 90' lang='lat' dir='ltr'>te</span> <span class='ocrx_word' id='word_1_57' title='bbox 366 1736 504 1801; x_wconf 90' lang='lat' dir='ltr'>oblitum</span> <span class='ocrx_word' id='word_1_58' title='bbox 529 1758 613 1818; x_wconf 89' lang='lat' dir='ltr'>esse,</span> <span class='ocrx_word' id='word_1_59' title='bbox 641 1736 727 1821; x_wconf 93' lang='lat' dir='ltr'>quod</span> <span class='ocrx_word' id='word_1_60' title='bbox 751 1759 770 1800; x_wconf 87' lang='lat' dir='ltr'>a</span> <span class='ocrx_word' id='word_1_61' title='bbox 794 1758 845 1800; x_wconf 94' lang='lat' dir='ltr'>me</span> <span class='ocrx_word' id='word_1_62' title='bbox 870 1738 1003 1820; x_wconf 84' lang='lat' dir='ltr'>audisti,</span> <span class='ocrx_word' id='word_1_63' title='bbox 1030 1761 1080 1804; x_wconf 90' lang='lat' dir='ltr'>me</span> 
     </span>
     <span class='ocr_line' id='line_1_10' title="bbox 62 1841 1080 1929; baseline 0.002 -22"><span class='ocrx_word' id='word_1_64' title='bbox 62 1844 103 1908; x_wconf 90' lang='lat' dir='ltr'>ad</span> <span class='ocrx_word' id='word_1_65' title='bbox 130 1843 210 1908; x_wconf 88' lang='lat' dir='ltr'>haec</span> <span class='ocrx_word' id='word_1_66' title='bbox 239 1842 414 1908; x_wconf 84' lang='lat' dir='ltr'>adcessisse</span> <span class='ocrx_word' id='word_1_67' title='bbox 441 1846 562 1928; x_wconf 84' lang='lat' dir='ltr'>rogatu</span> <span class='ocrx_word' id='word_1_68' title='bbox 585 1841 760 1907; x_wconf 81' lang='lat' dir='ltr'>Naucratis</span> <span class='ocrx_word' id='word_1_69' title='bbox 789 1847 989 1929; x_wconf 80' lang='lat' dir='ltr'>geometrae,</span> <span class='ocrx_word' id='word_1_70' title='bbox 1017 1867 1080 1928; x_wconf 93' lang='lat' dir='ltr'>quo</span> 
     </span>
     <span class='ocr_line' id='line_1_11' title="bbox 61 1947 1080 2036; baseline 0 -21"><span class='ocrx_word' id='word_1_71' title='bbox 61 1954 207 2036; x_wconf 89' lang='lat' dir='ltr'>tempore</span> <span class='ocrx_word' id='word_1_72' title='bbox 224 1947 453 2015; x_wconf 81' lang='lat' dir='ltr'>Alexandriam</span> <span class='ocrx_word' id='word_1_73' title='bbox 473 1949 640 2034; x_wconf 87' lang='lat' dir='ltr'>profectus</span> <span class='ocrx_word' id='word_1_74' title='bbox 658 1949 828 2015; x_wconf 89' lang='lat' dir='ltr'>nobiscum</span> <span class='ocrx_word' id='word_1_75' title='bbox 849 1949 1080 2034; x_wconf 63' lang='grc'>1131111101-</span> 
     </span>
     <span class='ocr_line' id='line_1_12' title="bbox 62 2055 1080 2142; baseline 0 -21"><span class='ocrx_word' id='word_1_76' title='bbox 62 2078 126 2142; x_wconf 90' lang='lat' dir='ltr'>que</span> <span class='ocrx_word' id='word_1_77' title='bbox 158 2078 197 2121; x_wconf 94' lang='lat' dir='ltr'>ea</span> <span class='ocrx_word' id='word_1_78' title='bbox 228 2057 263 2121; x_wconf 91' lang='lat' dir='ltr'>in</span> <span class='ocrx_word' id='word_1_79' title='bbox 295 2061 369 2122; x_wconf 90' lang='lat' dir='ltr'>octo</span> <span class='ocrx_word' id='word_1_80' title='bbox 402 2056 494 2120; x_wconf 87' lang='lat' dir='ltr'>libris</span> <span class='ocrx_word' id='word_1_81' title='bbox 531 2055 698 2121; x_wconf 85' lang='lat' dir='ltr'>elaborata</span> <span class='ocrx_word' id='word_1_82' title='bbox 727 2056 841 2120; x_wconf 86' lang='lat' dir='ltr'>statim</span> <span class='ocrx_word' id='word_1_83' title='bbox 869 2055 1080 2121; x_wconf 81' lang='lat' dir='ltr'>festinantius</span> 
     </span>
     <span class='ocr_line' id='line_1_13' title="bbox 60 2162 1080 2249; baseline -0.001 -21"><span class='ocrx_word' id='word_1_84' title='bbox 60 2163 172 2249; x_wconf 88' lang='lat' dir='ltr'>paullo</span> <span class='ocrx_word' id='word_1_85' title='bbox 201 2184 273 2228; x_wconf 90' lang='lat' dir='ltr'>cum</span> <span class='ocrx_word' id='word_1_86' title='bbox 302 2184 339 2228; x_wconf 93' lang='grc'>10</span> <span class='ocrx_word' id='word_1_87' title='bbox 367 2162 637 2242; x_wconf 79' lang='lat' dir='ltr'>communicasse,</span> <span class='ocrx_word' id='word_1_88' title='bbox 670 2162 756 2247; x_wconf 94' lang='lat' dir='ltr'>quod</span> <span class='ocrx_word' id='word_1_89' title='bbox 783 2162 817 2226; x_wconf 89' lang='lat' dir='ltr'>in</span> <span class='ocrx_word' id='word_1_90' title='bbox 847 2183 884 2226; x_wconf 93' lang='lat' dir='ltr'>eo</span> <span class='ocrx_word' id='word_1_91' title='bbox 914 2166 1014 2248; x_wconf 90' lang='lat' dir='ltr'>esset,</span> <span class='ocrx_word' id='word_1_92' title='bbox 1042 2167 1080 2228; x_wconf 87' lang='lat' dir='ltr'>ut</span> 
     </span>
     <span class='ocr_line' id='line_1_14' title="bbox 61 2269 1081 2353; baseline -0.002 -19"><span class='ocrx_word' id='word_1_93' title='bbox 61 2270 250 2353; x_wconf 89' lang='lat' dir='ltr'>discederet,</span> <span class='ocrx_word' id='word_1_94' title='bbox 279 2270 326 2333; x_wconf 87' lang='lat' dir='ltr'>ita</span> <span class='ocrx_word' id='word_1_95' title='bbox 354 2272 392 2333; x_wconf 86' lang='lat' dir='ltr'>ut</span> <span class='ocrx_word' id='word_1_96' title='bbox 416 2290 453 2333; x_wconf 91' lang='lat' dir='ltr'>ea</span> <span class='ocrx_word' id='word_1_97' title='bbox 476 2291 543 2335; x_wconf 92' lang='lat' dir='ltr'>non</span> <span class='ocrx_word' id='word_1_98' title='bbox 564 2289 854 2353; x_wconf 84' lang='lat' dir='ltr'>perpurgaremus,</span> <span class='ocrx_word' id='word_1_99' title='bbox 883 2269 938 2332; x_wconf 93' lang='lat' dir='ltr'>sed</span> <span class='ocrx_word' id='word_1_100' title='bbox 962 2269 1081 2352; x_wconf 86' lang='lat' dir='ltr'>omnia,</span> 
     </span>
     <span class='ocr_line' id='line_1_15' title="bbox 60 2375 1080 2461; baseline -0.003 -20"><span class='ocrx_word' id='word_1_101' title='bbox 60 2399 142 2461; x_wconf 89' lang='lat' dir='ltr'>quae</span> <span class='ocrx_word' id='word_1_102' title='bbox 166 2377 262 2441; x_wconf 91' lang='lat' dir='ltr'>nobis</span> <span class='ocrx_word' id='word_1_103' title='bbox 285 2377 318 2440; x_wconf 94' lang='lat' dir='ltr'>in</span> <span class='ocrx_word' id='word_1_104' title='bbox 342 2379 484 2440; x_wconf 89' lang='lat' dir='ltr'>mentem</span> <span class='ocrx_word' id='word_1_105' title='bbox 507 2375 670 2458; x_wconf 89' lang='lat' dir='ltr'>uenirent,</span> <span class='ocrx_word' id='word_1_106' title='bbox 693 2396 887 2459; x_wconf 91' lang='lat' dir='ltr'>poneremus</span> <span class='ocrx_word' id='word_1_107' title='bbox 912 2379 1080 2457; x_wconf 85' lang='lat' dir='ltr'>sperantes</span> 
     </span>
     <span class='ocr_line' id='line_1_16' title="bbox 59 2480 1080 2567; baseline -0.003 -21"><span class='ocrx_word' id='word_1_108' title='bbox 59 2484 143 2566; x_wconf 86' lang='lat' dir='ltr'>fore,</span> <span class='ocrx_word' id='word_1_109' title='bbox 171 2486 208 2546; x_wconf 90' lang='lat' dir='ltr'>ut</span> <span class='ocrx_word' id='word_1_110' title='bbox 234 2485 349 2566; x_wconf 91' lang='lat' dir='ltr'>postea</span> <span class='ocrx_word' id='word_1_111' title='bbox 372 2482 617 2567; x_wconf 90' lang='lat' dir='ltr'>perpoliremus.</span> <span class='ocrx_word' id='word_1_112' title='bbox 664 2481 853 2564; x_wconf 86' lang='lat' dir='ltr'>quereiam</span> <span class='ocrx_word' id='word_1_113' title='bbox 878 2480 1080 2544; x_wconf 90' lang='lat' dir='ltr'>occasionem</span> 
     </span>
     <span class='ocr_line' id='line_1_17' title="bbox 59 2586 1079 2675; baseline -0.004 -21"><span class='ocrx_word' id='word_1_114' title='bbox 59 2590 160 2675; x_wconf 88' lang='lat' dir='ltr'>nacti,</span> <span class='ocrx_word' id='word_1_115' title='bbox 192 2591 291 2673; x_wconf 87' lang='lat' dir='ltr'>prout</span> <span class='ocrx_word' id='word_1_116' title='bbox 318 2591 464 2654; x_wconf 90' lang='lat' dir='ltr'>correcta</span> <span class='ocrx_word' id='word_1_117' title='bbox 493 2591 583 2669; x_wconf 87' lang='lat' dir='ltr'>sunt,</span> <span class='ocrx_word' id='word_1_118' title='bbox 611 2609 650 2651; x_wconf 90' lang='lat' dir='ltr'>ea</span> <span class='ocrx_word' id='word_1_119' title='bbox 678 2587 811 2650; x_wconf 88' lang='lat' dir='ltr'>edimus.</span> <span class='ocrx_word' id='word_1_120' title='bbox 864 2590 898 2651; x_wconf 90' lang='lat' dir='ltr'>et</span> <span class='ocrx_word' id='word_1_121' title='bbox 926 2586 1079 2668; x_wconf 87' lang='lat' dir='ltr'>quoniam</span> 
     </span>
     <span class='ocr_line' id='line_1_18' title="bbox 28 2693 1078 2781; baseline -0.004 -21"><span class='ocrx_word' id='word_1_122' title='bbox 28 2716 41 2727; x_wconf 85' lang='lat'><em>·</em></span> <span class='ocrx_word' id='word_1_123' title='bbox 59 2696 190 2781; x_wconf 86' lang='lat' dir='ltr'>accidit,</span> <span class='ocrx_word' id='word_1_124' title='bbox 221 2699 259 2760; x_wconf 93' lang='lat' dir='ltr'>ut</span> <span class='ocrx_word' id='word_1_125' title='bbox 291 2696 390 2760; x_wconf 89' lang='lat' dir='ltr'>etiam</span> <span class='ocrx_word' id='word_1_126' title='bbox 423 2695 480 2760; x_wconf 92' lang='lat' dir='ltr'>alii</span> <span class='ocrx_word' id='word_1_127' title='bbox 509 2695 640 2778; x_wconf 89' lang='lat' dir='ltr'>quidam</span> <span class='ocrx_word' id='word_1_128' title='bbox 669 2714 794 2775; x_wconf 89' lang='lat' dir='ltr'>eorum,</span> <span class='ocrx_word' id='word_1_129' title='bbox 828 2693 884 2776; x_wconf 93' lang='lat' dir='ltr'>qui</span> <span class='ocrx_word' id='word_1_130' title='bbox 910 2693 1078 2757; x_wconf 91' lang='lat' dir='ltr'>nobiscum</span> 
     </span>
     <span class='ocr_line' id='line_1_19' title="bbox 59 2799 1079 2887; baseline -0.006 -19"><span class='ocrx_word' id='word_1_131' title='bbox 59 2803 183 2868; x_wconf 89' lang='lat' dir='ltr'>uersati</span> <span class='ocrx_word' id='word_1_132' title='bbox 216 2805 306 2887; x_wconf 88' lang='lat' dir='ltr'>sunt,</span> <span class='ocrx_word' id='word_1_133' title='bbox 338 2802 479 2886; x_wconf 90' lang='lat' dir='ltr'>primum</span> <span class='ocrx_word' id='word_1_134' title='bbox 512 2802 715 2883; x_wconf 91' lang='lat' dir='ltr'>alterumque</span> <span class='ocrx_word' id='word_1_135' title='bbox 748 2799 851 2865; x_wconf 89' lang='lat' dir='ltr'>libros</span> <span class='ocrx_word' id='word_1_136' title='bbox 884 2800 973 2864; x_wconf 90' lang='lat' dir='ltr'>nacti</span> <span class='ocrx_word' id='word_1_137' title='bbox 1003 2799 1079 2884; x_wconf 90' lang='lat' dir='ltr'>sint,</span> 
     </span>
     <span class='ocr_line' id='line_1_20' title="bbox 58 2906 1076 2992; baseline -0.002 -21"><span class='ocrx_word' id='word_1_138' title='bbox 58 2908 250 2992; x_wconf 88' lang='lat' dir='ltr'>priusquam</span> <span class='ocrx_word' id='word_1_139' title='bbox 279 2909 416 2973; x_wconf 89' lang='lat' dir='ltr'>correcti</span> <span class='ocrx_word' id='word_1_140' title='bbox 443 2911 565 2987; x_wconf 85' lang='lat' dir='ltr'>essent,</span> <span class='ocrx_word' id='word_1_141' title='bbox 593 2907 732 2971; x_wconf 87' lang='lat' dir='ltr'>miratus</span> <span class='ocrx_word' id='word_1_142' title='bbox 760 2928 800 2970; x_wconf 92' lang='lat' dir='ltr'>ne</span> <span class='ocrx_word' id='word_1_143' title='bbox 826 2907 884 2989; x_wconf 89' lang='lat' dir='ltr'>sis,</span> <span class='ocrx_word' id='word_1_144' title='bbox 913 2906 940 2969; x_wconf 92' lang='lat' dir='ltr'>si</span> <span class='ocrx_word' id='word_1_145' title='bbox 964 2906 998 2970; x_wconf 91' lang='lat' dir='ltr'>in</span> <span class='ocrx_word' id='word_1_146' title='bbox 1022 2927 1076 2971; x_wconf 89' lang='lat' dir='ltr'>eos</span> 
     </span>
     <span class='ocr_line' id='line_1_21' title="bbox 59 3013 1076 3080; baseline -0.003 0"><span class='ocrx_word' id='word_1_147' title='bbox 59 3016 159 3080; x_wconf 84' lang='lat' dir='ltr'>aliam</span> <span class='ocrx_word' id='word_1_148' title='bbox 186 3015 344 3078; x_wconf 90' lang='lat' dir='ltr'>habentes</span> <span class='ocrx_word' id='word_1_149' title='bbox 372 3014 514 3080; x_wconf 87' lang='lat' dir='ltr'>formam</span> <span class='ocrx_word' id='word_1_150' title='bbox 544 3013 704 3080; x_wconf 87' lang='lat' dir='ltr'>incideris.</span> <span class='ocrx_word' id='word_1_151' title='bbox 750 3013 867 3078; x_wconf 90' lang='lat' dir='ltr'>horum</span> <span class='ocrx_word' id='word_1_152' title='bbox 897 3035 974 3077; x_wconf 91' lang='lat' dir='ltr'>uero</span> <span class='ocrx_word' id='word_1_153' title='bbox 1003 3015 1076 3078; x_wconf 91' lang='lat' dir='ltr'>octo</span> 
     </span>
     <span class='ocr_line' id='line_1_22' title="bbox 59 3106 1078 3204; baseline -0.003 -19"><span class='ocrx_word' id='word_1_154' title='bbox 59 3121 219 3186; x_wconf 90' lang='lat' dir='ltr'>librorum</span> <span class='ocrx_word' id='word_1_155' title='bbox 234 3123 388 3204; x_wconf 81' lang='lat' dir='ltr'>quattuor</span> <span class='ocrx_word' id='word_1_156' title='bbox 401 3121 525 3204; x_wconf 88' lang='lat' dir='ltr'>priores</span> <span class='ocrx_word' id='word_1_157' title='bbox 541 3106 835 3186; x_wconf 36' lang='lat' dir='ltr'>ad‘institutionem</span> <span class='ocrx_word' id='word_1_158' title='bbox 851 3120 1078 3184; x_wconf 85' lang='lat' dir='ltr'>elementarem</span> 
     </span>
    </p>
   </div>
   <div class='ocr_carea' id='block_1_3' title="bbox 56 3328 1077 3543">
    <p class='ocr_par' dir='ltr' id='par_1_4' title="bbox 56 3328 1077 3543">
     <span class='ocr_line' id='line_1_23' title="bbox 58 3328 1077 3417; baseline -0.006 -31"><span class='ocrx_word' id='word_1_159' title='bbox 58 3329 212 3386; x_wconf 80' lang='grc' dir='ltr'><strong><em>εἰκονικοῦ.</em></strong></span> <span class='ocrx_word' id='word_1_160' title='bbox 241 3350 293 3399; x_wconf 75' lang='grc' dir='ltr'>γρ,</span> <span class='ocrx_word' id='word_1_161' title='bbox 313 3330 379 3417; x_wconf 79' lang='lat' dir='ltr'>qpia</span> <span class='ocrx_word' id='word_1_162' title='bbox 397 3346 502 3399; x_wconf 83' lang='lat' dir='ltr'>magna</span> <span class='ocrx_word' id='word_1_163' title='bbox 520 3347 555 3385; x_wconf 87' lang='lat' dir='ltr'>ex</span> <span class='ocrx_word' id='word_1_164' title='bbox 573 3333 653 3399; x_wconf 80' lang='lat' dir='ltr'>parte</span> <span class='ocrx_word' id='word_1_165' title='bbox 673 3347 764 3398; x_wconf 87' lang='lat' dir='ltr'>euan.;</span> <span class='ocrx_word' id='word_1_166' title='bbox 785 3331 834 3384; x_wconf 88' lang='lat' dir='ltr'>sed</span> <span class='ocrx_word' id='word_1_167' title='bbox 853 3346 925 3416; x_wconf 85' lang='lat' dir='ltr'>quae</span> <span class='ocrx_word' id='word_1_168' title='bbox 940 3328 1077 3416; x_wconf 69' lang='lat' dir='ltr'>dedimus,</span> 
     </span>
     <span class='ocr_line' id='line_1_24' title="bbox 56 3401 1077 3471; baseline -0.004 -16"><span class='ocrx_word' id='word_1_169' title='bbox 56 3401 122 3456; x_wconf 87' lang='lat' dir='ltr'>hab.</span> <span class='ocrx_word' id='word_1_170' title='bbox 144 3418 190 3456; x_wconf 88' lang='lat' dir='ltr'>cv.</span> <span class='ocrx_word' id='word_1_171' title='bbox 269 3408 311 3456; x_wconf 81' lang='lat'>15.</span> <span class='ocrx_word' id='word_1_172' title='bbox 331 3405 451 3456; x_wconf 74' lang='grc' dir='ltr'><strong><em>εκπλουν</em></strong></span> <span class='ocrx_word' id='word_1_173' title='bbox 472 3419 524 3471; x_wconf 88' lang='lat' dir='ltr'>cp,</span> <span class='ocrx_word' id='word_1_174' title='bbox 544 3403 608 3456; x_wconf 81' lang='grc'>1011.</span> <span class='ocrx_word' id='word_1_175' title='bbox 628 3403 713 3456; x_wconf 88' lang='lat' dir='ltr'>reete.</span> <span class='ocrx_word' id='word_1_176' title='bbox 794 3408 834 3456; x_wconf 85' lang='grc'>16.</span> <span class='ocrx_word' id='word_1_177' title='bbox 855 3421 893 3462; x_wconf 79' lang='grc' dir='ltr'>ως</span> <span class='ocrx_word' id='word_1_178' title='bbox 913 3431 945 3439; x_wconf 90' lang='grc'><strong>-</strong></span> <span class='ocrx_word' id='word_1_179' title='bbox 967 3405 1009 3453; x_wconf 80' lang='grc'>17.</span> <span class='ocrx_word' id='word_1_180' title='bbox 1030 3418 1077 3452; x_wconf 77' lang='lat' dir='ltr'>sn-</span> 
     </span>
     <span class='ocr_line' id='line_1_25' title="bbox 59 3469 772 3543; baseline -0.004 -15"><span class='ocrx_word' id='word_1_181' title='bbox 59 3469 253 3543; x_wconf 76' lang='lat' dir='ltr'>rteooo&#39;pevor]</span> <span class='ocrx_word' id='word_1_182' title='bbox 273 3490 324 3540; x_wconf 83' lang='lat' dir='ltr'>cv;</span> <span class='ocrx_word' id='word_1_183' title='bbox 345 3489 423 3529; x_wconf 88' lang='lat' dir='ltr'>euan.</span> <span class='ocrx_word' id='word_1_184' title='bbox 444 3471 490 3540; x_wconf 89' lang='lat' dir='ltr'>V.,</span> <span class='ocrx_word' id='word_1_185' title='bbox 509 3489 567 3542; x_wconf 87' lang='lat' dir='ltr'>rep.</span> <span class='ocrx_word' id='word_1_186' title='bbox 586 3489 643 3541; x_wconf 86' lang='lat' dir='ltr'>mg.</span> <span class='ocrx_word' id='word_1_187' title='bbox 662 3489 698 3526; x_wconf 91' lang='lat' dir='ltr'>m.</span> <span class='ocrx_word' id='word_1_188' title='bbox 719 3487 772 3525; x_wconf 88' lang='lat' dir='ltr'>rec.</span> 
     </span>
    </p>
   </div>
   <div class='ocr_carea' id='block_1_4' title="bbox 886 3557 925 3611">
    <p class='ocr_par' dir='ltr' id='par_1_5' title="bbox 886 3557 925 3611">
     <span class='ocr_line' id='line_1_26' title="bbox 886 3557 925 3611; baseline 0 -22"><span class='ocrx_word' id='word_1_189' title='bbox 886 3557 925 3611; x_wconf 54' lang='lat' dir='ltr'>qis</span> 
     </span>
    </p>
   </div>
   <div class='ocr_carea' id='block_1_5' title="bbox 0 0 1224 3892">
    <p class='ocr_par' dir='ltr' id='par_1_6' title="bbox 0 0 1224 3892">
     <span class='ocr_line' id='line_1_27' title="bbox 0 0 1224 3892; baseline 0 3"><span class='ocrx_word' id='word_1_190' title='bbox 0 0 1224 3892; x_wconf 95' lang='lat' dir='ltr'> </span> 
     </span>
    </p>
   </div>
  </div>
 </body>
</html>
