2438 3892
121 146 188 209 244
520 146 687 219 mmm<
707 142 744 218 μ’.

610 322 652 392 λ’.

186 445 266 516 Ἐάν
279 447 393 517 κώνου
407 451 510 534 τομῆς
523 444 544 534 ἢ
559 447 685 516 κύκλου
698 453 913 536 περιφερείας
931 447 996 516 δύο
1012 445 1131 516 εὐθεῖαι

123 555 352 643 ἐφαπτόμεναι
371 559 615 640 συμπίπτωσιν,
634 551 654 641 ἡ
671 553 735 623 ἀπὸ
751 565 809 642 τῆς
826 553 1052 642 σνμπτώσεως
1065 555 1132 641 ἀχο-

122 663 207 749 μένη
223 660 400 748 διάμετρος
415 664 491 748 δίχα
505 674 597 747 τεμεῖ
608 658 670 748 τὴν
684 660 743 742 τὰς
752 658 842 747 ἁφάς
856 660 1132 750 ἐπιζευγνύουσιν

87 765 269 841 σεύθείαν.

191 878 274 941 ἐστω
297 872 410 940 κώνου
432 871 516 960 τομὴ
540 871 561 959 ἢ
585 870 711 940 κύκλον
734 874 928 962 περιφέρεια
952 871 1065 960 ἡΒΓ,
1085 872 1132 939 καὶ

122 978 284 1067 ἤχθωσαν
313 977 416 1064 αὐτῆς
444 976 506 1046 θύο
540 977 765 1065 ἐφαπτόμεναι
798 980 836 1045 αί
861 986 944 1065 ΒΑ,
963 985 1035 1048 ΑΓ
1063 999 1134 1066 συμ

1 1127 2 1130 =
122 1088 302 1154 πίπτουσαι
324 1082 408 1151 κατά
431 1083 464 1152 τί
489 1094 531 1171 A,
554 1088 610 1152 καὶ
629 1084 815 1173 ἐπεζεύχθω
835 1082 855 1172 ἡ
872 1091 946 1173 ΒΓ,
970 1085 1028 1153 καὶ
1046 1083 1132 1174 ἤχθω

123 1189 179 1259 θιά
208 1193 270 1259 τοῦ
297 1199 329 1256 A
362 1191 537 1279 διάμετρος
563 1195 622 1278 τῆς
648 1195 753 1279 τομῆς
779 1189 801 1279 ἡ
829 1200 909 1259 AA.
955 1192 1058 1278 λέγω,
1089 1187 1133 1259 ὅτι

72 1322 104 1371 10
123 1298 214 1367 ἐστὶν
237 1306 293 1384 ἴση
317 1294 337 1384 ἡ
362 1305 432 1364 AB
455 1301 495 1386 τῇ
516 1304 591 1365 ΛΓ.

190 1403 235 1491 μὴ
259 1403 335 1493 γάρ,
359 1400 432 1471 ἀλλ’
455 1408 486 1471 εί
508 1402 665 1490 δυνατόν,
691 1409 774 1472 ἔστω
798 1413 852 1491 ἴση
876 1402 897 1490 ἡ
921 1411 989 1471 ΒΕ
1009 1408 1049 1494 τῇ
1069 1409 1134 1488 ΕΓ,

123 1512 178 1578 καὶ
204 1511 391 1599 ἐπεζεύχθω
414 1508 534 1598 ἡΑΕ·
566 1508 587 1597 ἡ
611 1519 681 1578 ΑΕ
700 1509 766 1598 άρα
791 1510 968 1598 διάμετρός
992 1513 1061 1579 ἐστι
1082 1515 1119 1598 τῆ

123 1622 235 1706 τομῆς.
274 1626 343 1688 ἐστι
363 1617 473 1686 δὲκαὶ
493 1615 610 1705 ἡΑΔ·
634 1618 714 1704 ὅπερ
1119 1653 1128 1668 ι

124 1722 260 1794 άτοπον.
294 1733 359 1794 είτε
377 1723 442 1812 μάρ
462 1731 607 1805 ἔλλειψίς
625 1725 714 1791 ἐστιν

73 1828 147 1916 1εὴ
178 1831 279 1917 τομή,
316 1829 354 1899 τὸ
383 1840 430 1916 A,
466 1827 547 1899 καθ’
584 1826 601 1898 ὃ
636 1850 715 1916 συμ-

123 1934 309 2022 βάλλουσιν
318 1933 476 2023 ἀλλήλαις
486 1938 523 2003 αί
532 1934 715 2023 διάμετροι,

123 2043 264 2128 κέντρον
292 2047 384 2110 ἐσται
407 2045 465 2129 τῆς
487 2046 590 2129 τομῆς
609 2042 714 2122 ἐκτός·

124 2145 205 2234 ὅπερ
230 2147 415 2215 ἀδύνατον·
448 2156 513 2217 είτε
540 2147 714 2236 παραβολή

125 2258 216 2323 ἐστιν
257 2253 278 2342 ἡ
321 2253 425 2343 τομή,
468 2262 715 2342 συμπίπτουσιν

70 2385 105 2434 20
124 2358 282 2450 ἀλλήλαις
306 2364 343 2430 αί
365 2362 548 2449 διάμετροι·
587 2372 651 2430 εἴτε
672 2358 842 2448 ὑπερβολή
866 2362 950 2445 ε’στι,
979 2360 1036 2426 καὶ
1061 2380 1136 2448 συμ-

123 2475 280 2539 πίπτουσι
312 2474 351 2559 τῇ
384 2474 467 2559 τομῇ
501 2473 538 2536 αί
563 2476 640 2555 BA,
665 2475 734 2536 ΑΓ
761 2467 805 2555 μὴ
838 2467 1053 2553 περιέχουσαι
1083 2467 1136 2546 τὰς

124 2578 253 2646 ἑαυτῶν
282 2576 505 2665 συμπτώσεις,
540 2575 633 2656 ἐντός
656 2577 726 2643 ἐστι
752 2584 811 2660 τῆς
838 2573 1058 2660 περιεχούσης
1081 2575 1135 2660 τὴν

123 2681 316 2771 ὑπερβολὴν
353 2689 488 2770 γωνίας
540 2680 624 2751 ἀλλά
660 2682 716 2748 καὶ
755 2678 803 2747 ἐπ’
837 2677 951 2765 αὐτῆς·
1000 2682 1135 2767 κέντρον

123 2787 188 2873 γάρ
212 2789 385 2858 ὑπόκειται
410 2791 597 2877 διαμέτρων
622 2786 734 2855 ούσών
757 2790 826 2855 τών
850 2795 927 2870 AA,
946 2794 1026 2854 AE·
1061 2786 1134 2870 ὅπερ

71 2913 105 2962 25
123 2892 261 2962 άτοπον.
308 2896 370 2964 οὐκ
393 2895 458 2984 ἀρα
481 2894 501 2981 ἡ
526 2902 592 2962 ΒΕ
612 2905 652 2983 τῇ
678 2901 744 2961 ΕΓ
763 2895 852 2960 ἐστιν
878 2901 942 2979 ἴση.

600 3071 664 3140 λα’.

188 3189 266 3259 Ἐάν
290 3193 445 3278 ἑκατέρας
473 3200 541 3263 τών
570 3192 810 3280 ἀντικειμένων
841 3192 904 3261 δύο
928 3191 1061 3262 εὐθεῖαι
1085 3197 1133 3279 ἐφ-

125 3298 303 3383 άπτωνται,
327 3298 387 3367 ἐάν
410 3300 472 3387 μὲν
495 3299 515 3386 ἡ
536 3301 593 3382 τὰς
612 3300 702 3388 ἁφάς
721 3300 982 3387 ἐπιζευχνύονσα
1003 3300 1060 3368 διὰ
1079 3302 1133 3368 τοῦ

199 3500 239 3552 11.
259 3493 302 3567 εί]
321 3491 338 3564 ἦ
357 3495 397 3563 V,
416 3511 486 3552 corr.
506 3515 533 3566 p.
608 3504 648 3552 17.
670 3493 763 3568 ἐκτός]
785 3493 865 3559 ἐκτὸς
884 3492 935 3550 ἀνθ
