2438 3892
423 152 636 206 conrconuu
654 154 764 204 arnan
781 154 802 206 1.
992 159 997 165 ·
1077 151 1120 216 33

103 302 170 363 ΒΓ
193 297 351 381 parallcla
380 295 515 361 ducatur
539 299 654 380 ΚΘΛ,
682 299 788 361 rectae
817 300 925 361 autem
950 301 1020 361 ΛΕ
1046 319 1121 381 par-

104 405 203 468 allela
221 407 346 488 MNN,
368 403 478 487 itaque
497 402 629 485 planum
648 406 809 467 rectarum
829 406 863 466 K
867 407 907 482 Λ,
925 405 1008 466 ΜΝ
1022 403 1120 486 plano

102 515 263 575 rectarum
283 513 353 591 ΒΓ,
374 512 443 573 ΛΕ
463 509 655 593 parallelum
680 511 730 573 est
751 508 856 589 [Eucl.
874 507 933 593 XI,
953 508 1020 590 15].
1062 509 1121 574 ita·

103 637 166 699 que
184 617 317 700 planum
336 619 492 680 ΚΛΜΝ
509 615 646 680 circulus
666 619 715 680 est
734 618 839 700 [prop.
858 614 930 696 IVJ.
970 637 987 679 e
1021 637 1120 699 quon·

103 722 169 786 iam
193 727 315 807 puncta
334 728 376 806 A,
394 727 432 807 E,
451 727 499 802 M,
518 726 557 786 N
575 723 610 786 in
633 723 732 806 plano
758 721 880 787 secanti
900 725 984 803 sunt,
1008 743 1121 786 uerum

104 829 204 893 etiam
231 830 266 893 in
294 830 463 915 superficie
492 829 578 914 coni,
605 829 639 893 in
668 829 831 894 communi
859 828 1003 894 sectione
1031 833 1119 913 sunt3

101 956 200 1018 quare
219 939 323 1000 ΔΖΕ
345 936 385 1001 ad
409 939 529 1018 puncta
547 939 596 1018 M,
616 939 655 999 N
673 935 783 1000 creuit.
825 936 936 1018 itaque
955 939 1118 1001 crescente

101 1042 269 1124 superficie
293 1042 367 1108 coni
389 1043 551 1126 planoque
575 1042 697 1106 secanti
721 1042 761 1106 ad
785 1042 942 1107 circulum
966 1045 1124 1106 ΚΛΜΝ

102 1148 201 1211 etiam
226 1147 327 1212 sectio
351 1149 455 1209 ΔΖΕ
476 1147 517 1210 ad
540 1151 662 1230 puncta
684 1149 732 1227 M,
755 1151 793 1212 N
812 1148 922 1221 creuit.
969 1146 1120 1212 similiter

102 1253 204 1338 igitur
223 1252 527 1336 demonstrabimus,
547 1253 573 1316 si
593 1255 626 1316 et
644 1253 829 1337 superficies
848 1254 921 1319 coni
940 1257 973 1318 et
985 1255 1118 1338 planum

102 1380 215 1424 secans
257 1359 291 1423 in
328 1357 490 1422 infinitum
527 1357 765 1441 producantur,
806 1359 915 1430 etiam⁴
941 1360 1118 1424 sectionem

102 1469 292 1530 ΜΛΖΕΝ
310 1465 345 1529 in
368 1464 532 1529 infinitum
556 1485 709 1529 crescere.

169 1576 202 1635 et
229 1571 439 1636 manifestum
467 1575 531 1653 est,
559 1575 682 1635 rectam
712 1569 877 1655 quandam
905 1593 924 1635 a
948 1574 1010 1634 ΖΘ
1032 1575 1120 1636 recta

101 1679 142 1743 ad
170 1682 197 1741 Z
224 1681 380 1762 punctum
409 1680 531 1741 rectam
560 1676 663 1741 cuiuis
692 1675 786 1741 datae
814 1679 922 1740 rectae
951 1677 1118 1761 aequalem

100 1785 300 1849 abscisuram
330 1805 407 1849 esse.
453 1805 529 1848 nam
558 1764 588 1848 si
610 1783 674 1857 ΖΞ
699 1787 807 1848 rectae
832 1782 926 1847 datae
950 1785 1118 1866 aequalem

100 1890 250 1974 ponimus
270 1895 302 1955 et
321 1912 379 1974 per
397 1889 427 1964 Ξ
443 1895 550 1955 rectae
569 1894 640 1954 ΛΕ
656 1891 847 1974 parallelam
867 1889 1023 1974 ducimus,
1044 1911 1116 1955 cum

101 1997 243 2061 sectione
272 2001 453 2081 concurret,
481 1997 564 2061 sicut
587 1997 685 2062 etiam
708 2001 831 2062 rectam
853 2019 912 2081 per
935 2000 964 2061 Θ
987 1995 1116 2062 ductam

100 2125 174 2167 cum
207 2102 349 2168 sectione
380 2104 414 2167 in
447 2103 576 2187 punctis
609 2108 666 2182 M,
699 2107 737 2168 N
766 2124 955 2169 concurrere
988 2103 1117 2167 demon·

100 2209 285 2275 strauimus.
340 2231 417 2294 ergo
449 2212 537 2274 recta
569 2210 727 2294 quaedam
761 2231 834 2274 cum
867 2209 1010 2274 sectione
1043 2230 1117 2274 con-

100 2338 232 2380 currens
261 2319 367 2380 rectae
392 2320 463 2380 ΛΕ
487 2316 644 2400 parallela
667 2316 806 2400 ducitur,
835 2337 917 2400 quae
941 2338 960 2380 a
984 2319 1056 2379 ZH
1075 2316 1116 2380 ad

99 2427 257 2506 punctum
282 2427 309 2486 Z
332 2425 453 2487 rectam
478 2423 571 2487 datae
596 2423 763 2506 aequalem
788 2421 964 2487 abscindat.

578 2617 635 2684 IX.

168 2739 203 2806 Si
231 2762 331 2806 conus
358 2741 456 2824 plano
482 2745 610 2806 secatur
633 2762 706 2805 cum
729 2744 866 2824 utroque
890 2739 992 2804 latere
1015 2741 1115 2804 trian-

100 2848 168 2932 guli
191 2869 249 2932 per
273 2869 365 2912 axem
388 2847 489 2931 positi
514 2846 728 2928 concurrenti,
752 2847 806 2910 sed
830 2867 932 2930 neque
951 2845 1023 2910 basi
1041 2869 1116 2931 par-

100 2953 196 3018 allelo
215 2946 319 3038 neque
339 2952 539 3018 econtrario
559 2952 665 3035 ducto,
686 2951 787 3016 sectio
807 2952 945 3017 circulus
963 2974 1030 3017 non
1045 2955 1115 3018 erit.

167 3060 210 3123 sit
229 3081 339 3142 conus,
363 3060 452 3124 cuius
470 3063 583 3124 uertex
603 3058 647 3123 sit
665 3064 697 3123 A
715 3061 879 3142 punctum,
898 3057 986 3123 basis
1007 3062 1115 3124 autem

98 3166 238 3231 circulus
266 3169 342 3248 ΒΓ,
374 3169 406 3229 et
439 3170 565 3231 secetur
597 3165 694 3248 plano
727 3186 832 3248 neque
859 3164 931 3228 basi
958 3167 1115 3247 parallelo

98 3293 203 3356 neque
227 3293 244 3335 e
268 3272 430 3337 contrario
452 3273 569 3355 posito,
593 3271 679 3356 quod
698 3271 732 3335 in
750 3271 918 3354 superficie
938 3271 1114 3336 sectionem

97 3378 219 3443 efficiat
246 3377 366 3442 lineam
396 3381 509 3443 ΛΚΕ.
559 3378 642 3456 dico,
674 3379 795 3443 lineam
825 3380 933 3441 ΛΚΕ
959 3378 1114 3442 circulum

96 3507 164 3552 non
188 3506 267 3549 0880.

151 3596 344 3650 Apollonius,
359 3598 394 3639 cd.
409 3597 517 3648 Hclbcrg.
938 3593 955 3640 3
