2438 3892
125 158 169 224 74
518 128 684 216 ΚΩΝΙΚΩΝ
703 154 743 214 α’.

124 299 165 372 τὰ
196 299 253 372 ἀπ’
280 300 394 372 αὐτῶν
425 299 617 390 τετράγωνα
644 300 728 387 πρὸς
755 300 816 389 μὲν
849 298 890 370 τὰ
921 301 1138 392 περιεχόμενα

125 415 230 498 χωρία
248 406 313 480 ὑπὸ
331 413 400 480 τῶν
418 407 750 497 ἆπολαμβανομένων
766 405 825 477 ὑπ’
842 407 955 477 αὐτῶν
972 407 1057 498 πρὸς
1070 424 1138 492 τοίς

124 518 244 605 πέρασι
266 521 325 605 τῆς
346 523 488 604 πλαγίας
509 519 656 601 πλευρᾶς
673 525 735 584 τοῦ
754 519 866 595 εἴδους
883 511 928 596 ὡς
945 518 1007 584 τοῦ
1026 519 1137 597 είδονς

124 620 144 710 ἡ
170 619 272 712 ὀρθία
294 622 421 710 πλευρὰ
443 621 527 711 πρὸς
548 621 611 710 τὴν
633 627 795 710 πλαγίαν,
827 620 911 707 πρὸς
938 619 1067 709 ἄλληλα
1090 624 1137 711 δέ,

88 727 169 810 οὼς
191 729 232 800 τὰ
253 729 473 819 περιεχόμενα
495 735 600 817 χωρία
623 726 689 799 ὑπὸ
712 731 797 814 τῶν,
821 725 867 809 ὡς
889 736 1034 817 είρηεαι,
1058 728 1137 799 ἀπο-

124 837 388 923 λαμβανομένων
411 832 565 906 εὐθειῶν.

192 947 274 1011 ἔστω
294 939 462 1030 ὑπερβολὴ
482 937 503 1028 ἢ
524 946 668 1022 ἔλλειψις
685 937 706 1029 ἢ
725 939 852 1011 κύκλον
871 942 1078 1030 περιφέρεια,
1100 933 1139 1031 ἦς

126 1047 301 1136 διάμετρος
326 1049 389 1136 μὲν
415 1046 436 1135 ἡ
462 1056 542 1136 ΑΒ,
569 1045 648 1135 παρ’
674 1045 719 1136 ἢν
743 1048 781 1118 δὲ
809 1047 973 1118 δύνανται
1001 1052 1039 1117 αί
1064 1075 1138 1119 ιιατ-

125 1155 287 1242 αγόμεναι
315 1151 336 1243 ἡ
360 1161 439 1243 ΑΓ,
467 1154 523 1223 καὶ
550 1153 773 1243 αατήχλλωσαν
796 1155 849 1224 έπλ
870 1153 933 1242 τὴν
957 1154 1137 1246 διάμετρον

71 1281 106 1332 10
124 1262 329 1348 τεταγμένως
352 1265 390 1329 αί
410 1269 488 1348 ΔΕ,
509 1268 585 1329 ΖΗ.
626 1262 723 1348 λέγω,
747 1259 798 1330 ὅτι
821 1262 923 1346 ἐστίν,
947 1258 992 1341 ὡς
1014 1260 1078 1349 μὲν
1100 1260 1138 1330 τὸ

124 1365 189 1438 ἀπὸ
212 1372 272 1457 τῆς
295 1376 367 1439 ΖΗ
389 1368 473 1457 πρὸς
500 1367 538 1438 τὸ
561 1365 627 1438 ὑπὸ
650 1372 719 1437 τῶν
740 1375 862 1453 ΑΗΒ,
896 1366 1002 1447 οὕτως
1027 1366 1049 1456 ἡ
1075 1374 1141 1437 ΑΓ

122 1473 206 1563 πρὸς
219 1482 296 1563 ΑΒ,
320 1473 364 1558 ὥς
384 1476 421 1546 δὲ
438 1474 477 1546 τὸ
497 1472 563 1544 ἀπὸ
582 1478 642 1562 τῆς
657 1481 728 1544 ΖΗ
743 1472 828 1562 πρὸς
845 1471 884 1544 τὸ
902 1472 966 1543 ιἰπό
986 1485 1046 1562 τῆς
1059 1482 1138 1593 ΑΒ,

124 1582 211 1652 οὕτω
234 1580 272 1653 τὸ
295 1579 361 1651 ὑπὸ
383 1586 453 1652 τῶν
476 1588 581 1651 ΑΗΒ
604 1579 687 1666 πρὸς
709 1578 747 1650 τὸ
770 1577 835 1649 ὑπὸ
858 1584 928 1649 τῶν
952 1589 1061 1649 ΑΕΒ.

193 1689 378 1777 ἐπεζεύχθω
401 1688 467 1776 γὰρ
491 1685 511 1776 ἡ
531 1693 598 1756 ΒΓ
616 1691 808 1776 διορίζουσα
825 1685 863 1757 τὸ
883 1684 983 1774 είῦος,
1006 1688 1063 1756 καὶ
1082 1687 1139 1757 διὰ

71 1811 106 1861 15
124 1797 191 1862 τῶν
211 1802 251 1879 Ε,
269 1802 306 1864 Η
331 1798 372 1884 τῇ
395 1801 465 1864 ΑΓ
486 1797 693 1882 παράλληλοι
714 1792 879 1882 ἤχθωσαν
902 1797 939 1861 αί
960 1800 1033 1881 ΕΘ,
1052 1802 1137 1863 ΗΚ·

125 1907 201 1968 ίσον
224 1897 290 1988 ἄρα
314 1900 382 1968 ἐστὶ
403 1898 524 1988 τὸμὲν
547 1897 612 1969 ἀπὸ
635 1904 693 1988 τῆς
713 1907 779 1969 ΖΗ
800 1903 846 1993 τῷ
870 1897 936 1969 ὑπὸ
956 1906 1076 1987 KHA,
1099 1899 1137 1970 τὸ

125 2004 162 2074 δὲ
190 2002 255 2075 ἀπὸ
279 2010 338 2093 τῆς
361 2015 432 2076 ΔΕ
460 2018 506 2101 τῷ
537 2003 600 2075 ὑπὸ
625 2014 733 2076 ΘΕΑ.
778 2006 833 2075 καὶ
862 2007 934 2074 ἐπεί
954 2008 1060 2093 ἐστιν,
1093 2004 1138 2088 ὥς

124 2109 144 2198 ἡ
166 2115 238 2181 ΚΗ
259 2113 342 2201 πρὸς
360 2121 440 2200 ΗΒ,
464 2110 571 2193 οὕτως
588 2112 609 2201 ἡ
624 2119 686 2182 ΓΑ
707 2110 790 2201 πρὸς
804 2120 880 2199 ΑΒ,
905 2109 949 2193 ὦς
968 2111 1045 2201 ὃέὴ
1066 2121 1142 2182 ΚΗ

124 2220 207 2306 πρὸς
220 2225 300 2306 ΗΒ,
322 2224 381 2308 τῆς
395 2227 471 2288 ΑΗ
489 2224 608 2289 κοινοῦ
626 2217 736 2303 ὕψους
753 2221 1008 2308 λαμβανομένης
1031 2219 1138 2302 οὕτως

68 2351 106 2401 20
123 2323 161 2396 τὸ
188 2325 255 2397 ὑπὸ
285 2334 394 2397 KHA
427 2325 512 2416 πρὸς
542 2325 580 2396 τὸ
608 2323 674 2396 ὑπὸ
702 2332 823 2412 ΒΗΑ,
860 2323 905 2406 ὡς
931 2325 997 2413 ἄρα
1024 2325 1046 2415 ἡ
1073 2334 1138 2397 ΓΑ

124 2431 207 2520 πρὸς
225 2441 302 2520 ΑΒ,
327 2431 433 2516 οὕτως
455 2432 493 2504 τὸ
517 2431 584 2503 ὑπὸ
604 2441 723 2520 ΚΗΑ,
746 2435 896 2503 τουτέστι
919 2431 956 2502 τὸ
976 2431 1041 2502 ἀπὸ
1058 2441 1137 2520 ΖΗ,

124 2540 206 2627 πρὸς
228 2540 266 2611 τὸ
290 2539 356 2612 ὑπὸ
382 2548 494 2611 ΒΗΑ.
532 2539 588 2609 διὰ
611 2539 652 2609 τὰ
675 2538 760 2609 αὐτὰ
785 2539 826 2627 δή
852 2543 919 2608 ἐστι
942 2545 1008 2625 ααί,
1033 2537 1077 2621 ὡς
1099 2538 1137 2609 τὸ

123 2646 189 2716 ἀπὸ
215 2655 284 2716 ΔΕ
304 2648 388 2736 πρὸς
410 2646 449 2716 τὸ
472 2645 538 2717 ὑπὸ
563 2653 674 2731 ΒΕΑ,
698 2644 804 2727 οὕτως
826 2644 847 2735 ἡ
875 2652 934 2715 ΓΑ
956 2645 1039 2735 πρὸς
1063 2653 1136 2716 ΑΒ.

123 2752 179 2819 καὶ
203 2751 247 2832 ὡς
265 2752 330 2842 ἄρα
349 2753 386 2822 τὸ
405 2751 471 2822 ἀπὸ
489 2765 548 2842 τῆς
563 2761 635 2822 ΖΗ
652 2752 737 2840 πρὸς
754 2751 791 2823 τὸ
809 2751 876 2821 ὑπὸ
892 2759 1007 2839 ΒΗΑ,
1031 2754 1136 2834 οὕτως

69 2880 105 2930 νο
124 2857 161 2926 τὸ
185 2858 251 2927 ἀπὸ
276 2865 346 2926 ΛΕ
366 2857 449 2946 πρὸς
470 2859 509 2929 τὸ
532 2858 599 2931 ὑπὸ
624 2868 738 2928 ΒΕΑ·
762 2858 917 2946 ἐναλλάξ,
941 2858 986 2939 ὡς
1007 2858 1045 2927 τὸ
1070 2857 1134 2928 ἀπὸ

126 2970 197 3031 ΖΗ
215 2963 298 3050 πρὸς
319 2964 357 3035 τὸ
381 2965 446 3035 ἀπὸ
472 2975 553 3054 ΔΕ,
583 2966 690 3048 οὕτως
711 2965 748 3036 τὸ
772 2964 839 3036 ὑπὸ
862 2974 968 3034 ΒΗΑ
990 2965 1075 3054 πρὸς
1097 2965 1135 3037 τὸ

122 3068 188 3140 ὑπὸ
213 3078 323 3141 ΒΕΑ.

195 3236 220 3287 2.
240 3226 520 3305 ὑπολαμβανομένων
535 3233 572 3299 V;
592 3251 661 3289 corr.
672 3250 699 3303 p.
755 3240 779 3289 7.
799 3229 830 3304 ἥ]
850 3229 922 3302 7‘1V3
942 3249 1012 3288 corr.
1022 3251 1048 3303 p.
1104 3230 1122 3304 ἥ

123 3297 200 3371 ἡλίς
220 3319 289 3360 corr.
308 3321 335 3373 p.
415 3309 457 3359 10.
476 3301 541 3375 μέν]
561 3321 607 3373 ορ,
632 3320 786 3374 suprascr.
806 3323 842 3359 m.
864 3312 877 3360 1
897 3306 930 3360 V.
1006 3311 1047 3362 14.
1067 3310 1122 3362 ΒΓ

126 3378 214 3429 ΗΒΓ
230 3374 268 3444 V3
288 3390 358 3430 corr.
377 3392 404 3444 p.
478 3380 520 3430 16.
539 3376 638 3448 KHA]
657 3379 743 3431 ΚΛΗ
762 3377 799 3444 V;
820 3394 888 3432 corr.
908 3378 1025 3432 Memus.
1090 3383 1134 3435 22.

123 3444 172 3527 τά]
192 3446 295 3512 om.V;
315 3461 386 3500 corr.
401 3463 427 3515 p.
483 3449 526 3499 23.
545 3440 577 3516 ἡ]
597 3465 623 3515 p,
643 3448 785 3504 om.Vin
803 3450 871 3504 extr.
891 3447 939 3503 lin.
995 3452 1037 3504 24.
1052 3446 1135 3520 πρός]

123 3536 144 3572 π
162 3533 193 3573 m
210 3534 262 3574 ras.
281 3534 318 3575 m.
339 3523 353 3571 1
374 3516 406 3571 V.
479 3521 522 3572 27.
543 3517 634 3589 ΒΕΑ]
653 3521 710 3589 ΒΕ,
727 3522 778 3574 ΕΑ
797 3522 835 3587 V3
854 3536 923 3576 corr.
944 3519 1061 3576 Memus.
