2438 3892
148 165 192 230 58
546 168 714 223 Κααεεαεα
732 161 772 224 α’.

148 315 221 378 AT
247 305 331 395 πρὸς
361 315 423 378 TO
455 305 473 377 ὁ
506 311 567 377 τοῦ
600 307 665 378 ἀπὸ
695 316 765 378 AT
788 308 872 399 πρὸς
893 306 931 378 τὸ
960 305 1028 377 ὑπὸ
1055 309 1165 385 &To-

149 419 241 485 ἔστιν
264 417 331 503 ἄρα
354 413 400 496 οὸς
421 413 459 485 τὸ
484 413 549 485 ἀπὸ
572 423 646 484 ΑΣ
664 414 750 506 πρὸς
770 414 809 486 τὸ
833 413 895 485 ὑπί
923 420 1040 503 ΒΣΓ,
1060 414 1165 497 οὕτως

148 522 186 592 τὸ
210 521 276 593 ἀπὸ
296 531 369 593 AT
385 521 469 612 πρὸς
491 520 529 592 τὸ
554 520 619 592 ὑπὸ
639 525 744 600 ΞΤΟ.
785 528 845 592 καί
864 522 955 592 ἐστιν
978 521 1024 603 ὥς
1046 522 1110 610 μέν
1128 523 1163 592 τὸ

148 627 214 699 ἀπὸ
238 638 310 699 ΑΣ
330 627 414 720 πρὸς
434 628 472 699 τὸ
497 628 562 699 ὑπὸ
588 636 702 715 ΒΣΓ,
724 628 746 718 ή
765 638 829 699 ΘΕ
848 631 933 719 πρὸς
952 636 1037 716 ΕΠ,
1061 626 1107 710 ὡς
1129 629 1164 697 (λέ

112 735 186 808 στὸ
210 735 276 806 ἀπὸ
295 744 367 804 ΛΤ
378 734 466 822 πρὸς
488 734 526 805 τὸ
549 734 615 805 ὑπὸ
633 740 745 823 ΞΤΟ,
768 734 874 824 ήΘΕ
893 739 978 826 πρὸς
996 743 1069 804 ΘΡ·
1111 736 1165 804 καλ

148 840 194 924 ὥς
220 842 287 933 ἄρα
313 840 334 930 ή
361 850 426 911 ΘΕ
446 841 531 930 πρὸς
553 851 636 929 ΕΠ,
664 840 685 931 ή
709 851 773 912 ΕΘ
795 844 880 933 πρὸς
903 851 971 912 &R
1017 852 1075 932 έση
1100 843 1165 934 ἅμα

148 949 240 1019 ἐστὶν
258 943 283 1037 ή
307 957 381 1017 ΕΠ
398 953 439 1039 τῇ
464 957 531 1018 &R

634 1075 685 1143 m

212 1197 290 1268 Ἐὰν
315 1201 351 1268 έν
376 1201 518 1281 ἐλλείψει
537 1195 602 1268 ἀπὸ
621 1203 681 1287 τής
699 1204 891 1287 διχοτομίας
907 1204 968 1288 τής
986 1203 1165 1292 διαμέτρου

97 1332 131 1380 10
150 1304 294 1396 ἀχθεῖσα
320 1303 438 1376 εὐθεῖα
460 1309 665 1395 τεταγμένως
688 1308 837 1395 ἐκβληθῇ
862 1305 916 1394 ἐφ’
940 1307 1082 1396 ἑκάτερα
1105 1310 1165 1387 ἕως

148 1419 208 1503 τής
237 1419 350 1502 τομής,
373 1414 439 1483 ’καὶ
470 1416 597 1503 ποιηθή
631 1411 676 1493 ὥς
706 1410 727 1500 ή
762 1415 963 1499 ἐκβληθεῖσα
994 1414 1078 1502 πρὸς
1105 1413 1165 1500 τήν

149 1521 342 1610 διάμετρον,
369 1519 390 1609 ή
420 1522 596 1609 διάμετρος
623 1519 706 1609 πρός
733 1546 810 1588 τινα
838 1521 995 1606 εὐθεῖαν,
1023 1517 1096 1607 ήτις
1123 1518 1165 1588 ἂν

149 1626 215 1698 ἀπὸ
237 1634 297 1717 πής
318 1631 421 1716 τομής
443 1625 534 1716 ἀχθῇ
558 1629 610 1696 ἐπὶ
632 1628 693 1714 τήν
716 1632 938 1713 ἐκβληθεῖσαν
956 1626 1167 1715 παράλληλος

148 1740 189 1825 νή
223 1737 405 1827 διαμέτρῳ,
438 1733 617 1821 δυνήσεται
649 1730 687 1802 τὸ
717 1739 962 1823 παρακείμενον
989 1733 1078 1823 παρὰ
1105 1732 1165 1821 τήν

98 1864 132 1912 ιο
150 1838 266 1931 τρίτην
289 1840 460 1927 ἀνάλογον
481 1839 604 1921 πλάτος
627 1844 704 1928 ἔχον
727 1842 790 1928 τήν
802 1828 867 1908 x1521'
893 1838 999 1927 αὐτής
1020 1837 1166 1929 ιἰπολαμ-

150 1949 345 2036 βανομένην
367 1949 453 2037 πρὸς
474 1951 514 2036 νή
537 1951 622 2036 τομή
647 1949 799 2016 ἐλλεῖπον
823 1950 905 2015 εἴδει
924 1945 1027 2039 ὁμοίῳ
1046 1952 1093 2040 τῷ
1112 1972 1167 2016 πε-

151 2056 333 2146 ριεχομένῳ
360 2052 428 2123 ὑπό
456 2081 492 2123 τε
517 2057 577 2141 τῆς
609 2055 662 2142 ἐφ’
687 2050 731 2141 ήν
759 2052 899 2141 ἄγονται
926 2054 982 2121 καὶ
1005 2065 1063 2142 τής
1086 2052 1163 2143 παρ’

149 2158 194 2250 ἣν
227 2161 406 2248 δύνανται,
439 2162 495 2229 καὶ
526 2163 839 2248 προσεκβαλλομένη
873 2162 936 2240 ἕως
962 2165 1023 2229 τοῦ
1053 2162 1167 2250 ἑτέρου

151 2271 273 2357 μέρους
304 2273 361 2355 τῆς
387 2273 489 2355 τομῆς
516 2272 592 2355 δίχα
619 2267 826 2355 τμηθήσεται
854 2265 920 2336 ὑπὸ
948 2270 1007 2354 τής
1036 2264 1091 2355 ἐφ’
1122 2265 1166 2355 ἣν

95 2398 131 2448 20
149 2378 315 2463 κατήκται.

218 2489 301 2553 ἐστω
326 2488 481 2569 ἔλλειψις,
504 2473 544 2569 ής
567 2481 742 2569 διάμετρος
765 2479 786 2570 ή
808 2489 887 2568 AB,
911 2481 967 2548 καλ
990 2481 1166 2569 τετμήσθω

151 2590 172 2680 ή
195 2600 261 2660 AB
286 2595 363 2680 δίχα
386 2588 529 2659 κατὰτὸ
554 2594 587 2657 Γ
605 2603 754 2677 σημεῖον,
778 2590 834 2657 καὶ
858 2586 913 2657 διὰ
936 2593 998 2657 τοῦ
1019 2595 1051 2656 Γ
1070 2587 1166 2677 ήχθω

150 2701 357 2786 τεταγμένως
374 2699 430 2766 καλ
449 2694 663 2785 ἐκβεβλήσθω
683 2695 736 2784 ἐφ’
759 2695 896 2784 ἑκάτερα
914 2697 976 2775 ἕως
993 2700 1052 2781 τῆς
1065 2699 1168 2783 τομής

151 2803 172 2890 ή
197 2810 312 2890 ΔΓΕ,
336 2805 391 2872 καὶ
415 2802 480 2873 ἀπὸ
502 2809 565 2873 τοῦ
583 2812 616 2872 A
640 2809 779 2891 σημείου
801 2807 841 2892 τή
862 2811 932 2870 ΔΕ
952 2800 1036 2887 πρὸς
1060 2801 1167 2891 ὀρθοὶς

97 2929 134 2979 25
151 2911 248 3000 ήχθω
267 2910 287 2998 ή
308 2918 390 2998 ΔΖ,
413 2912 468 2979 καὶ
487 2917 650 2980 ποιείσθω
670 2908 714 2990 ὡς
732 2907 752 2996 ή
773 2917 843 2976 ΔΕ
859 2908 943 2994 πρὸς
962 2917 1041 2994 ΑΒ,
1061 2907 1168 2988 οὕτως

152 3017 258 3106 ήΑΒ
282 3020 366 3105 πρὸς
387 3019 450 3105 τήν
469 3025 550 3103 ΔΖ,
573 3017 629 3084 καὶ
653 3015 806 3104 εἰλήφθω
828 3044 860 3084 τι
880 3031 1018 3102 σημεῖον
1037 3016 1091 3084 έπλ
1109 3021 1168 3102 τής

151 3130 255 3213 τομής
276 3125 314 3194 τὸ
330 3131 379 3211 Ἠ,
402 3125 458 3191 καλ
482 3125 538 3192 διὰ
562 3128 623 3192 τοῦ
641 3130 682 3191 Η
698 3127 738 3211 πή
758 3130 823 3191 ΑΒ
841 3123 1052 3211 παράλληλος
1069 3121 1166 3210 ήχθω

152 3231 173 3321 ή
197 3239 281 3317 ΗΘ,
309 3231 364 3298 καὶ
387 3229 574 3317 ἐπεζεύχθω
597 3227 618 3317 ή
644 3238 721 3316 ΕΖ,
746 3229 802 3297 καλ
826 3228 882 3297 διὰ
906 3230 968 3317 μέν
989 3234 1051 3297 τοῦ
1075 3237 1103 3297 Θ
1126 3233 1166 3318 τή

225 3399 248 3448 8.
269 3391 322 3482 ιε’]
336 3409 364 3461 p,
379 3407 434 3446 om.
444 3389 478 3459 V,
497 3395 560 3444 παλ
574 3408 601 3445 v.
653 3396 693 3444 11.
712 3387 816 3463 ποιήοη
831 3390 865 3458 V,
880 3408 948 3445 corr.
959 3388 1070 3460 Halley.
1125 3397 1167 3446 19.

153 3462 269 3537 μέρους]
288 3482 389 3532 μετρου
408 3461 442 3530 V,
461 3478 531 3517 corr.
550 3479 569 3531 p
588 3461 617 3515 eh
635 3480 672 3518 m.
692 3467 707 3515 2
726 3481 760 3546 v,
840 3467 883 3518 23,
903 3457 1098 3586 ἐηβεβλήσθω]
1118 3478 1166 3532 cp,

154 3533 303 3612 ἐκβλήοθω
322 3535 356 3604 V,
375 3551 444 3589 corr.
463 3551 501 3587 m.
519 3549 576 3587 rec.
649 3538 691 3589 24.
711 3534 775 3606 του]
795 3553 822 3604 p,
842 3550 896 3589 om.
944 3571 952 3589 .
