2438 3892
421 174 637 227 comcoann
654 177 764 226 mana
781 178 817 231 11.
1060 175 1126 241 243

108 316 214 399 [Eucl.
227 316 254 401 I,
267 317 337 397 30].
374 320 407 380 et
425 320 495 381 ΗΘ
513 318 691 383 diametrus
711 322 773 403 est3
796 319 907 403 itaque
927 321 988 384 ΓΘ
1003 351 1045 372 ==
1060 324 1127 384 ΘΔ

108 421 139 504 [I
158 423 221 488 def.
235 426 281 505 4].
319 423 404 509 quod
419 424 596 489 absurdum
611 428 673 508 est3
697 425 926 509 supposuimus
941 426 1038 510 enim,
1056 448 1126 492 esse

107 532 173 595 ΓΕ
185 561 227 582 =
242 534 320 595 EA.
374 531 486 615 itaque
521 535 595 596 ΗΘ
631 531 808 596 diametrus
845 554 911 597 non
948 536 1007 597 est.
1061 533 1125 596 iam

107 635 260 701 similiter
297 636 612 723 demonstrabimus,
647 660 687 702 ne
724 639 822 703 aliam
861 638 990 722 quidem
1023 638 1125 703 ullam

106 742 301 808 diametrum
338 764 409 808 esse
446 748 574 828 praeter
610 748 681 808 ΕΖ.
736 766 814 830 ergo
851 749 913 809 ΕΖ
950 744 1125 808 diametrus

106 849 263 914 sectionis
287 849 357 915 erit.

557 1026 673 1092 XXIX.

173 1165 209 1232 Si
235 1167 272 1231 in
302 1166 376 1232 coni
404 1168 547 1232 sectione
576 1166 629 1231 uel
656 1167 777 1232 circulo
806 1169 888 1233 duae
915 1172 1023 1233 rectae
1052 1191 1124 1233 con·

102 1274 272 1359 tingentes
295 1278 499 1358 concurrunt,
521 1277 611 1338 recta
634 1295 654 1337 a
676 1277 797 1357 puncto
820 1296 930 1339 earum
950 1296 1123 1340 concursus

102 1379 145 1445 ad
167 1382 326 1463 punctum
350 1379 492 1444 medium
517 1383 626 1444 rectae
654 1383 775 1464 puncta
798 1384 967 1445 contactus
991 1383 1124 1446 coniun-

101 1485 212 1572 gentis
236 1484 332 1551 ducta
355 1485 532 1551 diametrus
556 1486 710 1551 sectionis
735 1490 793 1550 est.

175 1592 220 1657 sit
252 1592 325 1658 coni
357 1592 456 1658 sectio
489 1594 541 1657 uel
574 1592 731 1676 simulne,
767 1613 863 1676 quam
896 1592 1123 1678 contingentes

101 1699 263 1765 ducantur
285 1702 392 1763 rectae
414 1702 491 1783 AB,
510 1702 579 1763 ΑΓ
597 1701 633 1763 in
655 1704 688 1762 A
711 1700 950 1777 concurrentes,
974 1703 1007 1763 et
1025 1698 1123 1764 ducta

99 1808 171 1871 ΒΓ
187 1806 223 1869 in
243 1809 278 1869 A
300 1804 335 1868 in
358 1804 438 1869 duas
460 1811 571 1889 partes
591 1806 742 1888 aequales
764 1808 899 1887 secetur,
924 1805 1122 1891 duceturque

99 1917 183 1977 ΛΔ.
228 1911 313 1995 dioc,
338 1933 409 1975 eam
433 1911 628 1976 diametrum
652 1912 805 1976 sectionis
831 1932 912 1976 esse.

168 2040 245 2083 nam
269 2017 297 2081 si
319 2017 391 2081 fieri
413 2020 533 2102 potest,
556 2018 601 2081 sit
623 2022 693 2081 ΔΕ
713 2018 899 2100 diametrus,
922 2018 1121 2102 duceturque

99 2127 179 2207 31²3
207 2144 246 2189 ea
272 2124 374 2207 igitur
402 2124 579 2189 sectionem
608 2124 732 2189 secabit
760 2124 798 2209 [I,
826 2125 983 2207 35-36].
1035 2129 1122 2190 secet

99 2232 135 2296 in
159 2234 196 2313 Z,
224 2235 257 2295 et
278 2251 337 2314 per
360 2234 387 2294 Z
411 2234 518 2295 rectae
542 2209 643 2294 ΓᾸΒ
665 2231 823 2314 parallelo
846 2231 983 2296 ducatur
1006 2234 1119 2295 ZKH.

99 2337 167 2401 iam
199 2338 351 2421 quoniam
384 2340 454 2401 ΓΔ
468 2367 509 2388 =
526 2342 607 2422 AB,
639 2337 702 2401 erit
733 2338 833 2402 etiam
862 2337 968 2418 [Eucl.
996 2335 1054 2414 VI,
1082 2337 1118 2416 4]

101 2447 164 2508 ΖΘ
178 2473 220 2496 =
235 2447 310 2509 ΘΗ.
347 2449 381 2508 et
403 2445 556 2533 quoniam
580 2446 669 2508 recta
691 2445 726 2508 in
745 2448 776 2506 A
799 2443 991 2526 contingens
1012 2443 1136 2505 rectae

99 2552 167 2616 ΒΓ
185 2550 343 2634 parallela
366 2554 416 2614 est
441 2552 545 2635 [prop.
567 2549 717 2633 V-VI],
740 2553 773 2613 et
797 2550 896 2614 etiam
920 2550 995 2611 ZH
1011 2551 1120 2611 rectae

98 2660 167 2722 ΒΓ
193 2656 350 2740 parallela
383 2660 446 2741 est,
478 2657 540 2720 erit
568 2658 666 2722 etiam
695 2659 766 2720 ΖΗ
788 2658 895 2719 rectae
923 2655 959 2718 in
986 2658 1018 2717 A
1046 2675 1119 2718 con-

98 2763 239 2848 tingenti
276 2762 443 2846 parallela.
501 2763 611 2847 itaque
649 2766 766 2826 Z(d=
782 2764 850 2825 ΘΚ
887 2761 1117 2845 [1,46-47];

99 2868 186 2955 quod
208 2868 279 2932 fieri
301 2889 368 2933 non
390 2871 509 2952 potest.
544 2869 654 2953 itaque
678 2873 748 2933 ΔΕ
768 2869 944 2933 diametrus
968 2890 1036 2933 non
1058 2873 1117 2934 est.

97 2975 339 3063 iamusimilitcr
362 2974 665 3059 demonstrabimus,
687 2998 728 3040 ne
751 2976 849 3039 aliam
869 2975 997 3058 quidem
1015 2976 1116 3040 ullam

99 3082 293 3147 diametrum
318 3103 387 3145 esse
410 3085 541 3165 praeter
564 3088 643 3167 AA.

99 3242 280 3251 *--
290 3245 364 3250 .—
373 3245 604 3250 —.-—-—----
611 3245 747 3252 ——.
773 3245 868 3250 --ι

96 3343 209 3415 Halley.
266 3350 307 3399 17.
328 3339 403 3398 ἐστίν
422 3377 455 3384 -
477 3351 519 3401 18.
540 3346 598 3416 ἴση]
618 3363 671 3399 om.
692 3347 726 3415 V,
746 3362 816 3400 corr.
837 3346 954 3400 Memus.
1017 3351 1057 3398 19.
1077 3345 1113 3414 Α]

97 3433 146 3485 cr,
165 3433 235 3472 corr.
255 3430 289 3470 ex
308 3422 385 3470 Am.
407 3424 420 3470 1
441 3417 474 3473 V.
552 3422 594 3470 20.
616 3414 686 3487 ἔστι]
706 3416 754 3471 καὶ
774 3414 886 3486 t'rrcV,
905 3413 1112 3471 comitemne.

899 3609 953 3663 16*
