2438 3892
123 154 190 217 418
524 145 691 200 ΚΩΝΙΚΩΝ
709 139 749 213 γ’.

127 293 335 380 τεταγμένως
357 290 569 376 κατηγμένην
593 289 630 354 αἱ
649 290 726 372 AF,
745 292 824 371 AB,
847 282 932 370 ἄλλη
958 284 1000 351 δέ
1017 310 1065 363 τις
1085 285 1133 369 ἐμ

127 400 284 468 αττέσθω
308 396 452 466 κατὰτὸ
476 404 508 463 Ε
528 393 549 482 ἡ
574 399 684 462 FEA.
721 392 818 481 λέγω,
843 387 896 459 ὅτι
918 394 957 458 τὸ
980 387 1045 458 ὑπὸ
1066 395 1134 475 ΑΓ,

127 514 196 575 BA
229 515 304 574 ἴσον
333 503 401 571 ἐστὶ
432 512 480 594 τῷ
508 499 652 590 τετάρτῳ
684 500 777 586 μέρει
808 501 872 566 τοῦ
902 500 988 585 πρὸς
1013 499 1052 585 τῇ
1078 503 1136 564 AB

125 617 246 691 εἴδους.
403 695 411 706 θ

92 745 109 793 5
197 722 280 785 ἔστω
303 716 367 803 γὰρ
391 716 533 804 κέντρον
552 717 589 781 τὸ
610 720 648 798 Ζ,
671 712 727 779 καὶ
746 708 793 778 δι’
814 708 923 778 αὐτοῦ
940 710 1037 796 ἤχθω
1056 707 1135 794 παρὰ

126 824 185 904 τὰς
208 829 288 909 ΑΓ,
311 829 380 889 BA
407 819 428 908 ἡ
453 827 562 889 ΖΗΘ.
613 818 683 887 ἐπεὶ
711 809 775 886 οὖν
793 820 841 892 ,αἱ
864 822 945 902 AF,
970 822 1038 883 BA
1063 838 1135 899 τιαρ-

128 930 270 1016 omnm
285 934 383 1016 εἰσιν,
406 933 475 996 ἔστι
498 927 536 994 δὲ
553 926 610 995 καὶ
629 922 649 1012 ἡ
665 931 738 992 ΖΗ
753 921 981 1011 παράλληλος,
1005 919 1134 1006 συζυγὴς

127 1955 194 2040 ἄρα
223 1954 400 2041 διάμετρός
423 1957 492 2022 ἐστι
520 1958 560 2041 τῇ
583 1961 663 2021 ΑΒ·
706 1950 789 2020 ὥστε
816 1956 854 2020 τὸ
882 1949 949 2021 ἀπὸ
974 1959 1047 2021 ΖΗ
1070 1961 1136 2020 ἴσον

128 2059 197 2127 ἐστὶ
219 2064 265 2150 τῷ
288 2060 434 2150 τετάρτω
457 2064 520 2127 τοῦ
542 2058 627 2147 πρὸς
649 2063 689 2148 τῇ
712 2067 777 2126 ΑΒ
800 2061 932 2138 εἴδουςᾸ,

75 2191 108 2240 10
196 2170 227 2232 εἰ
244 2164 305 2252 μὲν
325 2159 388 2233 οὖν
407 2162 428 2251 ἡ
444 2171 516 2231 ΖΗ
535 2166 588 2233 έιτὶ
604 2170 663 2252 τῆς
677 2168 852 2245 ἐλλείψεως
869 2165 1002 2234 καὶτοῦ
1021 2165 1139 2233 κύκλον

128 2273 184 2340 διὰ
212 2277 273 2341 τοῦ
298 2280 329 2339 Ε
355 2277 500 2360 ἔρχεται,
529 2280 598 2339 ἴσαι
626 2276 779 2359 γίνονται
808 2273 844 2339 αἱ
865 2278 946 2358 ΑΓ,
967 2280 1049 2357 ΖΗ,
1068 2280 1140 2354 BA,

126 2381 183 2447 καὶ
207 2379 357 2468 φανερὸν
382 2377 542 2465 αὐτόθεν,
566 2377 617 2446 ὅτι
639 2378 671 2446 vt*
700 2376 766 2446 ὑπὸ
791 2384 865 2463 AF,
886 2386 955 2446 BA
978 2387 1053 2447 ἴσον
1077 2378 1141 2445 ἐστὶ

126 2493 172 2580 τῷ
197 2488 261 2556 ἀπὸ
287 2495 369 2573 ΖΗ,
402 2488 553 2555 τουτέστι
580 2490 625 2576 τῷ
648 2485 793 2574 τετάρτῳ
820 2489 881 2552 τοῦ
908 2482 994 2570 πρὸς
1017 2489 1056 2573 τῇ
1080 2490 1140 2551 AB

127 2600 247 2675 εἴδους.

74 2725 107 2771 15
195 2701 240 2787 μὴ
270 2702 418 2788 ἐρχέσθω
446 2701 503 2785 δή,
531 2699 587 2765 καὶ
616 2700 890 2784 συμπιπτέτωσαν
914 2701 952 2764 αἱ
972 2706 1055 2782 AF,
1080 2707 1141 2765 BA

129 2807 371 2894 ἐκβαλλόμεναι
400 2805 482 2874 κατὰ
509 2808 547 2873 τὸ
572 2812 619 2890 Κ,
650 2806 706 2871 καὶ
735 2803 790 2870 διὰ
820 2809 880 2871 τοῦ
908 2812 940 2870 E
964 2807 1056 2892 παρὰ
1085 2807 1143 2892 μὲν

125 2908 188 2992 τήν
212 2918 282 2976 AF
300 2914 397 2997 ἤχθω
421 2914 441 2999 ἡ
466 2920 542 2997 EA,
565 2910 653 2996 παρὰ
678 2912 714 2978 δὲ
738 2911 800 2997 τὴν
824 2918 889 2977 ΑΒ
913 2909 1037 2996 ἡΕΜ.
1077 2913 1142 2980 ἐπεὶ

128 3006 192 3080 οὖν
217 3023 292 3081 ἴσον
316 3019 385 3083 ἐστὶ
409 3020 447 3086 τὸ
472 3017 537 3086 ὑπὸ
561 3026 664 3085 ΚΖΛ
690 3022 736 3110 τῷ
761 3014 826 3085 ἀπὸ
851 3025 930 3103 ΑΖ,
964 3024 1073 3105 ἔστιν,
1102 3017 1143 3096 ὡς

125 3117 146 3204 ἡ
171 3125 236 3184 ΚΖ
264 3120 348 3206 πρὸς
372 3131 451 3207 ZA,
485 3123 505 3209 ἡ
531 3132 594 3191 ΖΑ
622 3123 706 3212 πρὸς
730 3132 808 3208 ZA,
840 3125 895 3191 καὶ
922 3121 943 3210 ἡ
968 3132 1040 3192 ΚΛ
1063 3124 1143 3211 πρὸς

72 3246 106 3294 20
126 3232 195 3291 AA
219 3225 323 3310 ἐστιν,
358 3226 402 3306 ὡς
425 3227 445 3314 ἡ
470 3237 535 3296 ΚΖ
563 3228 645 3319 πρὸς
669 3239 749 3317 ZA,
783 3232 933 3298 τουτέστι
961 3231 1045 3320 πρὸς
1071 3239 1141 3299 ΖΒ·

200 3426 242 3474 20.
263 3415 350 3490 ἐστιν]
369 3421 478 3490 scripsi,
494 3422 551 3479 έστι
566 3422 598 3478 δέ
613 3426 670 3494 Vp.
726 3426 789 3495 ZA]
802 3442 872 3494 pov,
887 3431 909 3477 A
925 3441 1019 3481 ecorr.
1031 3444 1070 3482 m.
1083 3433 1096 3479 1
1112 3426 1141 3480 V.

161 3493 223 3564 ZB]
241 3509 317 3562 p0v3
337 3496 358 3544 Β
379 3510 393 3548 e
413 3508 482 3549 corr.
501 3514 537 3550 m.
559 3503 573 3548 1
593 3497 626 3551 V.
