2438 3892
128 145 191 210 298
524 145 692 200 mmm
711 145 749 218 μ’.

126 291 164 356 αί
192 288 332 375 πλευραὶ
365 283 549 373 ἄνᾶίογον·
599 283 620 374 ἤ
649 285 715 373 ἄρα
743 283 809 355 ὑπὸ
839 292 944 362 ΓΔΕ
968 293 1074 373 γωνία
1098 291 1130 376 vy}

125 391 191 462 ὑπὸ
226 399 325 460 ΖΗΘ
356 397 464 483 γωνίᾳ
497 391 589 460 ἐστίν
621 400 686 479 ίση.
736 389 757 478 ἤ
794 397 854 462 ΓΔ
885 389 953 479 ἄρα
983 407 1074 462 ποιεῖ
1098 395 1130 462 τὸ

126 499 310 587 πρόβλημα.

603 621 669 691 ναί.

91 775 107 821 ο
197 756 263 835 Τῆς
290 752 449 833 δοθείσης
471 746 585 816 κοίνου
608 759 709 834 τομῆς
733 745 872 834 ἀγαγεῖν
895 751 1132 836 ἐφαπτομένην,

127 854 199 942 ἤτις
216 857 301 943 πρὸς
318 858 358 943 vy}
378 851 435 921 διὰ
453 865 511 941 τῆς
529 851 618 941 ἁφῆς
636 852 763 942 ἤγμένη
780 855 945 947 διαμέτρῳ
961 863 1041 942 ίσην
1053 880 1133 943 περι·

127 963 189 1042 έξει
213 965 341 1046 γωνίαν
363 965 402 1050 vy}
428 964 569 1050 δοθείσῃ
593 958 691 1051 ὀξείᾳ.

193 1071 276 1134 έστω
304 1063 325 1152 ἤ
354 1070 497 1134 δοθεῖσα
523 1065 638 1136 κοίνου
660 1071 743 1154 τομῆ
767 1066 933 1155 πρότερον
956 1069 1134 1155 παραβολή,

126 1163 165 1258 ἤς
192 1171 282 1253 ἄξων
311 1170 328 1240 ὁ
358 1181 438 1258 ΑΒ,
467 1171 488 1259 ἤ
518 1173 556 1241 δὲ
584 1177 725 1242 δοθεῖσα
751 1179 858 1260 γωνία
886 1172 909 1261 ἡ
933 1181 975 1241 Θ·
1023 1178 1075 1242 δεῖ
1098 1177 1133 1260 δὴ

73 1303 107 1352 10
126 1278 263 1366 ἀγαγεῖν
290 1290 347 1366 τῆς
374 1284 566 1368 παραβολῆς
593 1280 844 1367 ἐφαπτομένην,
871 1279 944 1366 ἤτις
973 1279 1053 1368 μετᾶ
1085 1291 1135 1366 τῆς

127 1382 192 1454 ἄπὸ
230 1395 286 1471 τῆς
323 1384 411 1473 ἁφῆς
445 1389 625 1474 διαμέτρου
657 1395 735 1473 ίσην
766 1389 908 1473 περιέξει
940 1393 1070 1473 γωνίαν
1099 1390 1132 1476 vy}

125 1491 210 1577 πρὸς
233 1497 279 1584 τῷ
303 1500 341 1562 Θ.

193 1603 374 1687 γεγονέτω,
403 1601 459 1668 καὶ
486 1599 582 1688 ἤχθω
611 1601 824 1686 ἐφαπτομένη
851 1597 872 1686 ἡ
902 1605 970 1667 ΓΔ
997 1611 1133 1669 ποιοῦσα

129 1705 212 1790 πρὸς
238 1710 277 1795 vy}
306 1705 362 1774 διᾶ
390 1719 448 1795 τῆς
476 1704 565 1792 ἄφῆς
593 1703 719 1795 ἠγμένη
744 1706 908 1798 διαμέτρῳ
931 1711 972 1796 vy}
996 1712 1063 1775 ΕΓ
1080 1707 1133 1794 τὴν

76 1835 108 1883 15
127 1809 194 1880 ὑπὸ
219 1818 320 1880 ΕΓΔ
343 1819 471 1899 γωνίαν
495 1821 574 1899 ίσην
597 1821 637 1901 τῆ
660 1819 699 1898 Θ,
722 1813 777 1880 καί
801 1813 1012 1900 συμπιπτέτω
1036 1811 1058 1901 ἤ
1081 1819 1132 1882 ΓΔ

127 1921 172 2007 τῷ
200 1915 295 1997 ἄξονι
322 1917 405 1986 κατὰ
433 1917 470 1986 τὸ
494 1926 536 1986 Δ.
583 1919 653 1986 ἐπεὶ
681 1910 744 1987 οὖν
772 1918 986 2007 παρᾶίίηίός
1008 1915 1130 2005 ἐστινὴ

128 2031 198 2090 ΑΔ
225 2027 265 2111 vy}
288 2028 365 2108 ΕΓ,
393 2022 414 2110 ἤ
442 2021 508 2092 ὑπὸ
533 2030 643 2092 ΑΔΓ
665 2030 772 2110 γωνία
799 2028 838 2114 vy}
866 2022 932 2094 ὑπὸ
958 2033 1059 2095 ΕΓΔ
1085 2036 1130 2111 ίση

129 2132 206 2197 ἐστί.
253 2133 394 2197 δοθεῖσα
422 2130 460 2198 δὲ
482 2127 503 2216 ἡ
527 2128 593 2199 ὑπὸ
617 2138 733 2199 ΕΓΔ·
780 2141 834 2218 ίση
858 2131 922 2217 γάρ
947 2135 1016 2202 ἐστι
1039 2138 1077 2223 vy}
1099 2140 1131 2200 Θ·

129 2240 270 2303 δοθεῖσα
293 2235 359 2323 ἄρα
382 2237 438 2304 καὶ
459 2234 480 2323 ἡ
503 2234 569 2304 ὑπὸ
595 2244 706 2306 ΑΔΓ.

75 2366 109 2415 20
196 2344 437 2431 συντεθῆσεται
461 2349 502 2431 δὴ
527 2343 645 2423 οὕτως·
684 2351 766 2413 ἔστω
785 2346 972 2432 παραβολή,
996 2338 1036 2432 ἤς
1055 2348 1131 2428 ἄξων

131 2454 148 2522 ὁ
174 2461 254 2539 ΑΒ,
282 2451 303 2539 ἤ
328 2452 364 2520 δὲ
388 2457 529 2520 δοθεῖσα
553 2457 660 2536 γωνία
683 2449 704 2538 ἡ
728 2460 764 2519 Θ.
810 2451 906 2539 ἤχθω
930 2455 1131 2541 ἐφαπτομένη

128 2573 185 2648 τῆς
208 2572 310 2648 τομῆς
332 2557 353 2646 ἤ
373 2565 434 2626 ΓΔ
456 2562 600 2627 ποιοῦσα
623 2556 707 2642 πρὸς
728 2563 774 2649 τῷ
797 2559 892 2640 ἄξονι
910 2563 973 2646 τῆν
991 2558 1057 2629 ὑπὸ
1076 2563 1134 2627 των

92 2749 93 2752 ¹
130 2675 238 2735 ΑΔΓ
257 2673 386 2755 γωνίαν
410 2675 487 2752 ίσην
511 2669 550 2753 vy}
569 2672 608 2750 Θ,
631 2666 687 2732 καί
712 2664 767 2732 διᾶ
790 2669 851 2733 τοῦ
871 2672 903 2733 Γ
916 2671 956 2754 vy}
978 2675 1043 2734 AB
1062 2691 1133 2750 παρ·

130 2773 273 2858 ἄλίηίος
300 2772 397 2862 ἤχθω
425 2770 446 2858 ἤ
470 2778 540 2840 ΕΓ.
588 2772 655 2840 ἐπεί
681 2764 744 2839 οὖν
767 2770 788 2857 ἤ
812 2780 840 2839 Θ
862 2779 970 2856 γωνία
995 2781 1051 2859 ίση
1074 2771 1134 2841 ἐστί

76 2897 110 2944 25
129 2882 169 2964 vy}
192 2876 257 2945 ὑπὸ
278 2886 394 2965 ΑΔΓ,
419 2877 439 2965 ἤ
466 2879 502 2947 δέ
525 2875 591 2947 ὑπὸ
610 2885 719 2946 ΑΔΓ
737 2887 792 2964 ίση
812 2883 852 2968 vy}
871 2876 936 2947 ὑπὸ
957 2887 1065 2966 ΕΓΔ,
1087 2878 1134 2947 καὶ

127 2979 147 3068 ἡ
172 2989 201 3048 Θ
224 2983 290 3069 ἄρα
313 2992 368 3071 ίση
393 2985 462 3053 ἐστὶ
484 2989 524 3072 vy}
547 2983 612 3054 ὑπὸ
637 2992 743 3054 ΕΓΔ.

186 3088 294 3155 Ἔστω
318 3086 338 3174 ἤ
362 3094 445 3176 τομὴ
469 3088 654 3180 ὑπερβολή,
678 3083 718 3177 ἤς
741 3093 831 3173 ἄξων
855 3089 872 3159 ὁ
898 3100 979 3178 ΑΒ,
1003 3095 1135 3180 κέντρον

129 3194 166 3262 δὲ
188 3191 225 3261 τὸ
252 3201 290 3278 Ε,
313 3191 533 3280 ἄσίμπτωτος
557 3198 594 3266 δὲ
617 3226 637 3284 η
662 3206 740 3284 ΕΤ,
765 3195 785 3285 ἤ
810 3198 847 3266 δὲ
871 3202 1014 3266 δοθεῖσα
1038 3203 1136 3287 γωνία

199 3433 223 3482 9.
239 3422 255 3494 ἡ
273 3425 308 3496 Θ]
326 3427 383 3480 ΗΘ
397 3425 435 3488 V;
455 3439 524 3480 corr.
539 3428 655 3482 Memus.
713 3435 753 3484 15.
774 3429 865 3500 ΕΓΔ]
885 3433 962 3485 ΕΓΑ
981 3429 1019 3497 V;
1034 3429 1135 3498 corrsp.

164 3504 207 3554 23.
227 3496 324 3568 ΑΔΓ]
345 3501 397 3550 ΔΑ
406 3501 431 3550 Γ
447 3498 484 3564 V;
505 3515 572 3552 corr.
593 3516 611 3567 p
631 3501 740 3569 (ΓΔΑ).
