2438 3892
378 172 593 227 comoedum
608 174 719 224 LIBER
736 174 758 225 L
1011 169 1074 236 189

51 338 120 403 que
145 315 245 383 etium
271 316 450 383 diametrus
473 316 649 382 alterarum
671 315 895 401 oppositarum
918 315 1074 400 quadrata

53 422 208 509 aequalis
231 422 276 489 sit
298 423 421 508 figurae
445 422 622 488 alterarum
645 422 881 508 oppositarum.

125 528 195 594 sint
225 528 320 593 datae
352 528 434 593 duae
465 531 572 594 rectae
603 528 688 593 inter
720 549 754 593 se
781 527 816 591 in
843 527 937 592 binas
964 530 1075 611 partes

56 633 214 721 aequales
249 637 397 699 secantes
429 636 508 717 ΑΓ,
531 638 608 700 ΔΕ.
662 637 793 718 oportet
823 634 923 719 igitur
955 633 1075 699 circum

55 742 232 825 utramque
255 739 446 805 diametrum
470 740 637 825 oppositas
662 740 850 823 describere,
873 740 921 805 ite
943 743 980 804 ut
1002 741 1076 823 ΑΓ,

59 850 134 913 ΔΕ
152 844 247 911 iniis
267 846 460 928 coniugatae
479 845 554 929 sint,
572 848 606 911 et
625 843 711 909 ΔΕ2
729 846 871 930 aequalis
891 847 935 911 ait
951 845 1076 929 figurae

58 952 287 1039 oppositurum
319 951 440 1017 circum
471 954 540 1015 ΑΓ
568 952 819 1036 descriptarum,
851 948 935 1016 Ar²
967 955 1074 1016 autem

58 1058 187 1145 figurae
210 1057 434 1143 oppositarum
458 1057 579 1122 circum
602 1062 680 1123 ΔΕ.
996 1104 1000 1109 -

128 1164 174 1231 sit
200 1159 574 1247 AF><PA=AE²,
602 1167 634 1228 et
661 1166 730 1228 ΛΓ
749 1163 789 1229 ad
817 1165 850 1228 Γ
851 1168 882 1229 Α
907 1163 1075 1248 perpendi-

58 1270 182 1339 cularis
205 1270 259 1335 sit
304 1273 338 1334 et
366 1269 450 1335 detis
474 1269 597 1334 duabus
621 1269 718 1334 rectia
742 1270 828 1334 inter
851 1291 885 1334 se
908 1270 1076 1354 perpendi-

59 1376 227 1445 eularibus
245 1378 319 1460 ΑΓ,
332 1375 397 1439 ΓΛ
416 1375 640 1441 describantur
658 1375 828 1459 oppositae
843 1378 907 1438 ΖΑ
916 1379 955 1460 H,
970 1378 1078 1458 ΘΓΚ,

59 1484 109 1549 ita
144 1484 183 1547 ut
219 1480 396 1547 diametrus
433 1481 478 1547 ait
513 1484 702 1546 transuersa
733 1482 814 1564 ΓΑ,
850 1481 936 1545 latua
970 1485 1078 1546 autem

58 1592 187 1655 rectum
214 1589 291 1672 ΓΛ,
319 1590 353 1652 et
379 1591 487 1652 rectae
514 1610 531 1652 a
559 1586 757 1651 sectionibus
781 1585 821 1650 ad
845 1589 910 1651 ΓΑ
932 1586 1079 1652 ordinate

59 1694 180 1761 ductae
210 1694 247 1759 iu
278 1694 354 1759 dato
388 1694 508 1778 angulo
541 1693 701 1765 ducentur
734 1693 837 1776 [prop.
864 1691 963 1774 LIX].
1018 1692 1080 1757 erit

58 1802 164 1889 igitur
188 1804 258 1866 ΔΕ
282 1801 384 1865 altere
408 1800 585 1865 diametrus
605 1799 826 1884 oppositarum
852 1799 936 1880 [deff.
955 1800 1010 1866 alt.
1029 1800 1079 1885 3];

58 1930 139 1973 nam
166 1909 201 1972 et
227 1905 366 1972 mediam
394 1905 496 1971 habet
522 1906 683 1971 rationem
710 1906 796 1970 inter
823 1905 928 1970 latera
954 1906 1078 1992 figurae

390 2727 485 2784 AO

60 2858 172 2943 [llucl.
189 2856 249 2937 VI,
270 2859 325 2940 17]
347 2863 379 2924 et
396 2863 505 2925 rectae
524 2859 671 2925 ordinate
690 2860 805 2925 ductae
824 2860 981 2944 parallela
999 2860 1033 2924 in
1052 2864 1080 2924 B

10 3044 17 3052 ,
62 2966 98 3033 in
125 2964 208 3031 dues
236 2968 345 3049 partes
375 2967 524 3050 aequales
553 2969 641 3031 secta
669 2970 726 3031 est.
772 2988 883 3031 rursus
911 2967 1011 3051 igitur
1040 2969 1083 3032 sit

63 3069 443 3156 AE><AZ=AP²‚
475 3076 508 3137 et
540 3076 607 3137 ΛΖ
640 3073 680 3137 ad
708 3077 778 3138 ΔΕ
806 3073 1082 3157 perpendicularis

64 3178 119 3243 ait
165 3180 198 3243 et
221 3178 308 3243 datis
333 3177 458 3243 duabus
482 3178 579 3244 rectis
603 3179 689 3243 inter
711 3201 745 3243 se
763 3179 1082 3264 perpendicularibus

63 3282 184 3369 positia
206 3287 285 3370 EA,
303 3287 369 3347 ΔΖ
393 3285 562 3368 oppositae
586 3284 810 3350 describentur
833 3290 960 3372 MAN,
980 3286 1084 3371 ΟΕΞ,

64 3390 113 3455 ita
148 3393 187 3456 ut
219 3389 396 3456 diametrus
433 3394 620 3455 transuersa
658 3392 701 3456 sit
732 3395 815 3477 ΔΕ,
852 3392 938 3457 latus
976 3396 1084 3457 autem

65 3499 194 3563 rectum
220 3496 344 3583 figurae
369 3501 403 3560 Δ
409 3501 449 3582 Ζ,
478 3500 510 3562 et
537 3500 645 3563 rectae
674 3520 693 3562 a
716 3498 913 3564 sectionibus
938 3498 1084 3563 ordinate
