2438 3892
145 154 188 218 38
540 155 707 208 Κωωωαω
726 149 767 209 α’.

145 294 216 364 κατ’
239 295 377 365 εὐθεῖαν
401 295 484 384 πρὸς
508 293 616 383 ὀρθὰς
640 288 746 364 οὖσαν
770 301 810 384 τῆ
830 294 928 381 βάσει
947 299 1017 364 τοῦ
1039 299 1100 374 διὰ
1118 302 1173 367 τοῦ

145 402 267 484 ἄξονος
289 403 472 490 τριγώνου,
496 409 543 473 ἔτι
568 404 605 472 δὲ
628 400 648 489 ῆ
673 402 848 489 διάμετρος
870 406 930 488 τῆς
959 409 1076 492 τομῆς
1098 431 1173 490 παρ

146 510 288 595 ἄλληλος
309 503 330 598 ή
355 514 414 600 μιᾷ
437 516 564 600 πλευρᾷ
586 513 648 579 τοῦ
672 508 727 576 διδ
752 513 814 576 τοῦ
837 507 962 590 ἄξονος
986 512 1172 599 τριγώνου,

146 614 216 699 ῆτις
245 613 287 684 ἄν
316 615 381 684 ἀπὸ
410 621 468 702 τῆς
492 621 593 704 τομῆς
616 620 677 684 τοῦ
701 615 815 683 κώνου
837 614 1062 703 παράλληλος
1086 616 1172 706 ἄχθῆ

111 754 127 801 5
145 726 186 810 τῆ
207 727 304 811 κοινῆ
323 728 408 810 τομή
427 729 488 791 τοῦ
506 725 686 810 τέμνοντος
706 723 865 790 ἐπιπέδου
883 721 940 788 καὶ
960 726 1027 809 τῆς
1045 724 1173 810 βάσεως

146 833 207 897 τοῦ
229 828 342 897 κώνου
366 831 460 916 μέχρι
483 835 542 915 τῆς
565 830 747 915 διαμέτρου
770 832 828 915 τῆς
846 831 960 914 τομῆς,
984 831 1173 919 δυνήσεται

146 932 184 1002 τὸ
199 935 438 1023 περιεχόμενον
452 933 518 1004 ὑπό
533 962 567 1003 τε
582 939 640 1022 τῆς
655 935 979 1023 ἀπολαμβανομένης
993 933 1060 1005 ὑπ’
1072 936 1173 1026 αὐτῆς

148 1039 212 1108 ἀπὸ
231 1046 291 1129 τῆς
305 1043 486 1128 διαμέτρου
505 1040 587 1127 πρὸς
601 1053 641 1130 τῇ
656 1046 789 1131 κορυφή
804 1052 863 1128 τῆς
876 1045 981 1128 τομῆς
994 1045 1059 1112 καὶ
1074 1045 1173 1132 ἄλλης

147 1146 238 1226 τινὸς
262 1146 409 1234 εὐθείας,
433 1145 454 1234 ῆ
478 1151 579 1235 λόγου
604 1154 669 1236 ἔχει
694 1149 778 1234 πρὸς
800 1148 862 1235 τὴν
886 1147 1012 1234 μεταξὺ
1033 1155 1097 1238 τῆς
1115 1155 1172 1220 τοῦ

96 1283 129 1331 10
148 1252 262 1322 κώνου
280 1260 405 1341 γωνίας
422 1256 550 1343 καὶτῆς
566 1259 719 1343 κορυφῆς
737 1259 795 1342 τῆς
808 1258 921 1342 τομῆς,
941 1251 984 1323 δν
999 1257 1043 1326 τὸ
1061 1258 1172 1344 τετρά-

147 1387 261 1446 γωνον
288 1360 325 1429 τὸ
354 1360 419 1430 ἀπὸ
447 1367 506 1448 τῆς
532 1361 661 1449 βάσεως
688 1366 749 1430 τοῦ
778 1361 834 1429 διὰ
863 1364 925 1428 τοῦ
954 1359 1085 1445 ἄξονος
1109 1391 1171 1451 τρι

147 1466 262 1552 γώνου
290 1470 373 1555 πρὸς
403 1467 442 1537 τὸ
475 1471 711 1556 περιεχόμενον
744 1465 820 1536 ὑπδ
842 1472 911 1536 τών
944 1474 1084 1538 λοιπῶν
1115 1474 1171 1540 τοῦ

147 1575 316 1660 τριγώνου
340 1575 402 1643 δύο
427 1579 593 1662 πλευρῶν·
620 1580 789 1642 καλείσθω
814 1573 851 1641 δὲ
874 1570 894 1659 ῆ
918 1575 1067 1665 τοιαύτη
1091 1575 1171 1665 τομὴ

148 1682 361 1768 παραβολή.

97 1816 129 1864 16
216 1791 299 1856 ἔστω
322 1791 445 1873 κώνος,
475 1780 515 1856 οὗ
539 1789 576 1856 τὸ
602 1796 634 1854 Α
662 1801 801 1875 σημείου
829 1786 980 1873 κορυφή,
1010 1788 1117 1874 βάσις
1140 1788 1172 1858 δέ

150 1889 168 1960 ὁ
187 1899 253 1960 ΒΓ
271 1892 402 1979 κύκλος,
425 1895 479 1962 καλ
504 1893 680 1981 τετμήσθω
706 1894 849 1982 ἐπιπέδῳ
874 1892 930 1961 διὰ
953 1897 1019 1960 τοῦ
1041 1895 1173 1981 ἄξονος,

149 2001 205 2068 καὶ
228 2008 359 2069 ποιείτω
383 2001 489 2088 τομήν
512 2000 550 2070 τὸ
574 2007 678 2068 ΑΒΓ
705 2006 890 2086 τρίγωνον,
921 2000 1112 2087 τετμήσθω
1140 2002 1173 2072 δέ

149 2107 205 2174 καὶ
225 2107 323 2200 ἑτέρω
344 2110 488 2200 ἐπιπέδῳ
507 2110 663 2194 τέμνοντι
683 2105 744 2192 τῆν
765 2108 866 2192 βάσιν
884 2109 945 2173 τοῦ
965 2105 1090 2178 κώνου
1103 2107 1171 2179 κατ’

151 2210 290 2282 εὐθεῖαν
305 2214 366 2300 τήν
381 2222 451 2282 ΔΕ
468 2212 551 2301 πρὸς
566 2212 675 2300 ὀρθὰς
690 2205 797 2281 οὖσαν
816 2217 855 2301 τῆ
871 2218 942 2297 ΒΓ,
962 2213 1021 2280 καὶ
1037 2223 1173 2285 ποιείτω

97 2348 132 2397 20
150 2320 256 2410 τομήν
285 2325 321 2390 ἐν
349 2325 389 2410 τῆ
419 2324 597 2410 ἐπιφανείᾳ
623 2323 685 2387 ’τοῦ
708 2320 822 2387 κώνου
844 2318 907 2406 τήν
929 2326 1054 2405 ΔΖΕ,
1089 2321 1111 2409 ἡ
1140 2322 1175 2393 δὲ

151 2430 328 2517 διολμετρος
341 2433 400 2514 τῆς
414 2432 517 2515 τομῆς
530 2425 549 2512 ῆ
563 2433 633 2494 ΖΗ
644 2424 857 2512 παράλληλος
873 2430 954 2492 ἔστω
970 2430 1034 2514 μιᾷ
1045 2434 1176 2519 πλευρᾷ

150 2541 211 2605 τοῦ
234 2538 290 2605 διὰ
315 2540 376 2604 τοῦ
400 2534 520 2616 ἄξονος
542 2532 712 2620 τριγώνου
734 2536 774 2621 τῆ
794 2539 870 2615 ΑΓ,
893 2531 948 2597 καλ
973 2529 1045 2601 ἀπὸ
1067 2541 1133 2604 τοῦ
1153 2543 1177 2604 Ζ

152 2649 291 2728 σημείου
314 2647 354 2730 τῆ
379 2648 451 2708 ΖΗ
470 2639 589 2729 εὐθείᾳ
612 2637 696 2723 πρὸς
719 2638 828 2725 ὀρθὰς
851 2637 947 2726 ήχθω
971 2634 992 2724 ῆ
1020 2647 1099 2729 ΖΘ,
1124 2644 1177 2711 καλ

152 2749 359 2834 πεποιήσθω,
384 2746 428 2827 ὡς
450 2744 488 2815 τὸ
513 2745 578 2814 ἀπὸ
598 2752 664 2813 ΒΓ
683 2743 766 2832 πρὸς
784 2744 822 2812 τὸ
841 2742 907 2813 ὑπὸ
928 2751 1042 2832 ΒΑΓ,
1070 2747 1178 2829 οὕτως

99 2879 133 2928 25
152 2851 172 2939 ἡ
189 2860 249 2920 ΖΘ
267 2853 351 2939 πρὸς
367 2862 442 2938 ΖΑ,
464 2854 520 2921 καὶ
540 2851 693 2939 εἰλήφθω
712 2879 743 2919 τι
762 2864 902 2937 σημεῖον
920 2851 973 2918 ἐπὶ
991 2855 1055 2937 τῆς
1075 2860 1178 2944 τομῆς

152 2959 254 3046 τυχὸν
272 2966 310 3028 τὸ
331 2968 373 3045 Κ,
397 2960 452 3027 καὶ
472 2957 528 3027 διδ
546 2963 607 3027 τοῦ
625 2966 659 3026 Κ
675 2963 715 3046 τῆ
736 2966 806 3025 ΔΕ
824 2957 1040 3044 παράλληλος
1060 2959 1083 3048 ῆ
1099 2969 1137 3031 Κ
1141 2971 1178 3031 Λ.

153 3068 253 3161 λέγω,
278 3065 384 3136 ὅτιτὸ
404 3064 469 3134 ἀπὸ
488 3070 546 3153 τῆς
560 3074 594 3133 Κ
599 3073 629 3133 Λ
648 3074 724 3133 ίσον
744 3064 812 3133 ἐστὶ
830 3075 875 3155 τῷ
894 3063 959 3131 ὑπὸ
979 3067 1053 3133 τών
1069 3076 1177 3137 ΘΖΛ

219 3174 315 3260 ήχθω
339 3173 403 3261 γὰρ
430 3172 487 3242 διὰ
508 3177 570 3240 τοῦ
594 3179 625 3238 Λ
653 3175 692 3259 τῆ
717 3177 782 3238 ΒΓ
802 3169 1014 3256 παράλληλος
1035 3168 1058 3257 ῆ
1086 3182 1178 3244 ΜΝ·

154 3284 222 3346 ἔστι
251 3279 287 3347 δδ
315 3277 415 3365 καλῆ
444 3286 512 3346 ΚΛ
538 3283 578 3368 τῆ
602 3286 673 3346 ΔΕ
698 3276 917 3364 παράλληλος·
953 3273 991 3343 τὸ
1020 3275 1094 3366 ἄρα
1122 3281 1178 3350 διδ

227 3446 268 3495 14.
293 3440 348 3510 Mg.
374 3458 409 3494 m.
434 3455 488 3494 roc.
514 3436 639 3495 .....ολ“
717 3437 750 3493 V.
842 3442 885 3492 24.
909 3431 1100 3514 πεποιήσθω]
1127 3460 1178 3513 cp;

153 3514 329 3568 πεποιείσθω
350 3511 383 3581 V,
403 3527 471 3566 corr.
491 3529 527 3566 m.
548 3517 572 3566 2.
