2438 3892
134 132 203 198 434
535 126 702 181 ΚΩΝΙΚΩΝ
720 124 760 195 ν’·

136 282 203 360 ἴση.
250 290 335 340 ωστε
358 269 414 338 καῖ
438 265 457 354 ἡ
482 274 549 336 ΕΛ
574 271 613 356 τῇ
636 273 716 335 ΛΜ
736 273 801 352 ἴση.
846 265 904 333 καὶ
927 265 1000 333 ἐπεὶ
1024 262 1163 355 ἐδείχθη

136 377 158 467 ἡ
182 376 250 447 ὑπὸ
269 383 364 445 ΓΕΖ
386 379 493 463 γωνία
511 378 551 463 τῇ
570 370 637 442 ὑπο
652 378 766 440 ΔΕΗ
785 380 852 458 ἴση,
875 368 896 459 ἡ
922 371 960 440 δὲ
979 369 1048 441 ὑπὸ
1064 379 1164 441 ΓΕΖ

139 494 194 573 ἴση
224 484 293 553 ἐστὶ
319 486 359 570 τῇ
389 480 454 549 ὑπὸ
478 487 606 566 ΕΜΗ,
639 489 695 566 ἴση
724 478 791 565 άρα
818 479 874 546 καῖ
902 475 923 564 η
951 476 1021 547 ὑπὸ
1046 486 1165 548 EMH

136 595 178 680 τῇ
207 587 268 658 ὖπῖ
297 594 418 656 ΜΕΗ.
465 594 520 672 ἴση
549 584 615 672 άρα
641 585 697 653 καῖ
724 581 745 672 ἡ
774 591 849 652 ΕΗ
875 587 916 674 τῇ
939 592 1030 654 ΗΜ.
1077 583 1163 654 άλλῖι

101 721 118 772 ο
138 697 195 764 καῖ
218 693 239 783 ἡ
264 701 330 762 ΕΛ
353 696 393 782 τῇ
417 699 498 760 AM
521 694 657 779 ἐδείχθη
682 699 750 778 ἴση·
787 690 930 772 κάθετος
953 690 1020 778 άρα
1043 720 1067 779 η
1091 699 1163 760 HA

139 802 192 872 ἐπὶ
215 800 277 888 τὴν
300 807 383 867 ΕΜ.
430 796 515 866 ὥστε
539 795 656 866 διὰτὸ
680 798 883 886 προδειχθὲν
907 795 999 886 ὀρθή
1023 799 1118 867 ἐστιν
1141 795 1161 885 ἡ

138 906 204 976 ὑπὸ
222 913 334 991 ΑΛΒ,
357 906 413 972 καῖ
437 901 456 972 ὁ
480 905 556 991 περὶ
574 902 755 992 διάμετρον
774 905 837 990 τὴν
851 912 917 972 ΑΒ
940 905 1163 993 γραφόμενος

138 1012 259 1092 κύκλος
282 1011 352 1097 ἥξει
377 1012 433 1078 διὰ
456 1013 518 1078 τοῦ
542 1017 581 1077 A.
617 1015 677 1078 καί
697 1013 789 1079 ἐστιν
813 1019 868 1097 ἴση
892 1007 913 1097 ἡ
936 1017 1001 1077 ΘΑ
1022 1021 1065 1099 τῇ
1086 1019 1162 1078 ΘΒ·

138 1120 195 1187 καῖ
218 1115 239 1203 ἡ
265 1124 325 1185 ΘΛ
353 1116 420 1203 άρα
449 1118 484 1184 ἐκ
511 1119 573 1184 τοῦ
600 1117 742 1206 κέντρου
766 1108 852 1185 οὖσα
874 1126 934 1185 τοῦ
958 1113 1162 1204 ἡμικυκλίου

86 1251 120 1301 10
140 1234 195 1311 ἴση
220 1224 289 1292 ἐστὶ
311 1228 351 1312 τῇ
376 1231 447 1292 ΘΒ.
665 1310 675 1334 Ι

617 1338 661 1378 να
676 1364 684 1382 .

203 1433 283 1505 Ἐὰν
302 1433 489 1522 ὑπερβολῆς
503 1430 524 1519 ἣ
539 1437 607 1502 τῶν
622 1431 860 1520 ἀντικειμένων
874 1434 964 1521 παρὰ
979 1433 1042 1503 τὸν
1056 1433 1162 1518 άξονα

141 1550 216 1611 ἴσον
245 1537 298 1629 ἐφ’
324 1540 462 1626 ἑκάτερα
489 1543 691 1628 παραβληθῇ
723 1543 769 1630 τῷ
797 1539 941 1629 τετάρτῳ
975 1543 1070 1628 μέρει
1099 1547 1160 1610 τοῦ

140 1652 254 1730 εἴδους
272 1646 486 1737 ὑπερβάλλον
505 1651 588 1714 εἴδει
605 1645 813 1736 τετραγώνῳ,
832 1647 888 1713 καῖ
901 1645 968 1715 άπὸ
982 1653 1054 1716 τῶν
1068 1676 1160 1736 νενο-

83 1780 117 1830 15
140 1756 253 1840 μένων
277 1756 313 1822 ἐκ
335 1759 394 1842 τῆς
416 1758 611 1840 παραβολῆς
633 1758 781 1838 σημείων
804 1759 1002 1821 κλασθῶσιν
1027 1752 1160 1824 εὐθεῖαι

136 1861 220 1947 πρὸς
240 1857 473 1946 ὁποτερανοῦν
491 1863 560 1928 τῶν
579 1862 703 1945 τομῶν,
722 1855 743 1945 ἡ
761 1863 882 1944 μείζων
899 1868 959 1946 τῆς
973 1861 1161 1942 ἐλάσσονος

136 1965 288 2051 υπερέχει
310 1969 356 2056 τῷ
381 1966 485 2045 άξονι.

202 2075 286 2138 ἴστω
304 2070 369 2158 γὰρ
388 2067 559 2157 ὑπερβολὴ
578 2066 599 2156 ἢ
620 2068 856 2158 άντικείμεναι,
876 2064 925 2139 ὧν
939 2070 1029 2154 άξωυ
1046 2071 1065 2141 ὁ
1080 2085 1114 2142 A
1120 2084 1159 2160 B,

135 2177 277 2264 κέντρον
296 2175 332 2242 δὲ
350 2174 388 2243 τὸ
405 2181 443 2260 Γ,
462 2175 581 2266 καὶτῷ
600 2175 745 2268 τετάρτῳ
766 2180 856 2265 μέρει
876 2182 937 2245 τοῦ
951 2183 1065 2259 εἴδους
1081 2191 1158 2250 ἴσον

81 2310 117 2359 20
138 2288 221 2350 ἴστω
236 2282 393 2371 ἑκάτερον
407 2286 476 2349 τῶν
490 2279 555 2349 ὑπὸ
572 2290 687 2368 ΑΔΒ,
700 2291 812 2368 ΑΕΒ,
831 2285 887 2350 καῖ
906 2282 971 2352 άπὸ
985 2290 1055 2353 τῶν
1070 2295 1112 2371 Ε,
1127 2297 1159 2354 A

137 2396 284 2477 σημείων
306 2390 549 2457 κεκλάσθωσαν
572 2389 655 2478 πρὸς
677 2389 740 2476 τὴν
757 2392 915 2476 γραμμὴν
935 2394 972 2457 αἴ
985 2399 1060 2479 ΕΖ,
1081 2401 1157 2461 ZA.

136 2498 234 2583 λέγω,
258 2495 308 2564 ὅτι
331 2493 352 2582 ἡ
376 2503 440 2563 ΕΖ
464 2498 520 2581 τῆς
545 2504 611 2563 ΖΔ
633 2495 785 2583 ὑπερέχει
809 2501 848 2585 τῇ
872 2504 946 2564 AB.

204 2603 300 2689 ἤχθω
320 2601 376 2669 διὰ
393 2605 456 2671 τοῦ
474 2608 502 2668 Ζ
521 2604 731 2689 ἐφαπτομένη
751 2600 771 2689 ἡ
789 2610 896 2687 ΖΚΘ,
917 2602 972 2670 διὰ
994 2605 1032 2671 δὲ
1050 2611 1115 2674 τοῦ
1130 2614 1162 2674 Γ

135 2709 225 2797 παρὰ
248 2711 311 2795 τὴν
336 2717 402 2776 ΖΔ
430 2705 451 2794 ἡ
476 2714 589 2775 ΗΓΘ·
627 2716 681 2794 ἴση
706 2707 772 2793 άρα
797 2710 887 2776 ἐστὶν
913 2707 933 2796 ἡ
957 2708 1023 2778 ὑπὸ
1047 2719 1160 2780 ΚΘΗ

81 2839 116 2887 25
135 2818 175 2900 τῇ
199 2811 265 2880 ὑπὸ
285 2821 402 2882 ΚΖΔ·
433 2816 575 2895 ἐναλλὰξ
598 2813 672 2900 γάρ.
714 2812 734 2900 ἡ
759 2815 796 2882 δὲ
819 2813 885 2883 ὑπὸ
905 2822 1010 2882 ΚΖΔ
1034 2825 1091 2904 ἴση
1117 2825 1156 2906 τῇ

135 2915 200 2986 ὑπὸ
230 2926 345 2986 ΗΖΘ·
386 2922 442 2988 καῖ
471 2919 491 3007 ἡ
520 2919 586 2989 ὑπὸ
615 2927 717 2987 ΗΖΘ
749 2920 815 3009 άρα
843 2930 897 3008 ἴση
922 2923 991 2988 ἐστὶ
1018 2927 1058 3011 τῇ
1090 2923 1156 2992 ὑπὸ

134 3031 244 3089 ΗΘΖ.
296 3034 350 3112 ἴση
380 3027 446 3111 άρα
474 3025 494 3112 ἡ
518 3033 586 3093 ΗΖ
612 3031 651 3115 τῇ
675 3035 752 3095 ΗΘ.
791 3025 823 3113 ἡ
854 3028 891 3095 δὲ
920 3034 990 3095 ΖΗ
1013 3040 1053 3117 τῇ
1085 3039 1159 3098 ΗΕ

136 3137 207 3214 ἴση,
231 3130 301 3195 ἐπεὶ
324 3132 379 3197 καῖ
403 3130 423 3218 ἡ
448 3141 518 3199 ΑΕ
537 3138 578 3222 τῇ
601 3140 669 3199 ΒΔ
691 3133 747 3200 καῖ
771 3130 792 3217 ἡ
816 3140 885 3200 ΑΓ
902 3138 942 3221 τῇ
967 3140 1027 3202 ΓΒ
1050 3139 1109 3204 καῖ
1135 3136 1156 3225 ἡ

208 3334 233 3384 3.
253 3326 364 3396 ΕΜΗ]
382 3327 446 3394 (pr.)
465 3331 567 3383 ΕΗΜ
584 3330 619 3394 V;
639 3345 707 3384 corr.
728 3347 754 3397 p.
829 3333 871 3382 23.
891 3330 986 3399 Ζκο]
1009 3331 1096 3383 τοι(
1114 3333 1157 3399 V;

136 3414 204 3453 corr.
225 3417 251 3467 p.
313 3397 353 3468 Γ]
372 3414 447 3464 ρους
469 3416 537 3452 corr.
558 3415 592 3453 ex
610 3404 637 3452 Κ
654 3417 690 3454 m.
713 3406 726 3453 1
747 3399 781 3454 V.
844 3405 886 3454 27.
909 3403 966 3453 ΗΘ
986 3431 1019 3439 -
1039 3406 1085 3457 28.
1105 3406 1160 3457 καῖ

135 3469 220 3540 (οἴῖ.)]
239 3468 283 3523 bis
301 3467 338 3533 V;
358 3483 426 3521 corr.
446 3486 472 3536 p.
