<?xml version="1.0" encoding="UTF-8"?>
<!DOCTYPE html PUBLIC "-//W3C//DTD XHTML 1.0 Transitional//EN"
    "http://www.w3.org/TR/xhtml1/DTD/xhtml1-transitional.dtd">
<html xmlns="http://www.w3.org/1999/xhtml" xml:lang="en" lang="en">
 <head>
  <title>
</title>
<meta http-equiv="Content-Type" content="text/html;charset=utf-8" />
  <meta name='ocr-system' content='tesseract 3.04.00' />
  <meta name='ocr-capabilities' content='ocr_page ocr_carea ocr_par ocr_line ocrx_word'/>
</head>
<body>
  <div class='ocr_page' id='page_1' title='image "./apolloniipergae00apolgoog_0217.png"; bbox 0 0 2438 3892; ppageno 0'>
   <div class='ocr_carea' id='block_1_1' title="bbox 384 138 1081 213">
    <p class='ocr_par' dir='ltr' id='par_1_1' title="bbox 384 138 1081 213">
     <span class='ocr_line' id='line_1_1' title="bbox 384 138 1081 213; baseline 0.01 -9"><span class='ocrx_word' id='word_1_1' title='bbox 384 150 599 204; x_wconf 84' lang='lat' dir='ltr'>courooauu</span> <span class='ocrx_word' id='word_1_2' title='bbox 616 138 729 203; x_wconf 75' lang='lat' dir='ltr'>amna</span> <span class='ocrx_word' id='word_1_3' title='bbox 743 153 765 203; x_wconf 93' lang='lat'>1.</span> <span class='ocrx_word' id='word_1_4' title='bbox 1018 146 1081 213; x_wconf 80' lang='grc'>187</span> 
     </span>
    </p>
   </div>
   <div class='ocr_carea' id='block_1_2' title="bbox 60 290 1085 2913">
    <p class='ocr_par' dir='ltr' id='par_1_2' title="bbox 60 290 1085 2913">
     <span class='ocr_line' id='line_1_2' title="bbox 60 290 1084 381; baseline -0.003 -20"><span class='ocrx_word' id='word_1_5' title='bbox 60 290 174 381; x_wconf 77' lang='lat' dir='ltr'>ligura</span> <span class='ocrx_word' id='word_1_6' title='bbox 196 292 426 361; x_wconf 82' lang='lat' dir='ltr'>excedentibus</span> <span class='ocrx_word' id='word_1_7' title='bbox 449 293 549 359; x_wconf 83' lang='lat' dir='ltr'>simili</span> <span class='ocrx_word' id='word_1_8' title='bbox 566 294 757 379; x_wconf 84' lang='lat' dir='ltr'>rectangulo</span> <span class='ocrx_word' id='word_1_9' title='bbox 776 292 861 358; x_wconf 87' lang='lat' dir='ltr'>detis</span> <span class='ocrx_word' id='word_1_10' title='bbox 879 294 976 359; x_wconf 90' lang='lat' dir='ltr'>rectis</span> <span class='ocrx_word' id='word_1_11' title='bbox 996 315 1084 361; x_wconf 89' lang='lat' dir='ltr'>com·</span> 
     </span>
     <span class='ocr_line' id='line_1_3' title="bbox 62 400 238 487; baseline -0.011 -21"><span class='ocrx_word' id='word_1_12' title='bbox 62 400 238 487; x_wconf 85' lang='lat' dir='ltr'>prehenso.</span> 
     </span>
     <span class='ocr_line' id='line_1_4' title="bbox 134 504 1083 592; baseline -0.001 -19"><span class='ocrx_word' id='word_1_13' title='bbox 134 506 203 573; x_wconf 86' lang='lat' dir='ltr'>sint</span> <span class='ocrx_word' id='word_1_14' title='bbox 225 506 320 571; x_wconf 88' lang='lat' dir='ltr'>datae</span> <span class='ocrx_word' id='word_1_15' title='bbox 343 504 425 570; x_wconf 89' lang='lat' dir='ltr'>duae</span> <span class='ocrx_word' id='word_1_16' title='bbox 447 508 556 572; x_wconf 86' lang='lat' dir='ltr'>rectae</span> <span class='ocrx_word' id='word_1_17' title='bbox 578 506 773 570; x_wconf 74' lang='lat' dir='ltr'>terminatae</span> <span class='ocrx_word' id='word_1_18' title='bbox 791 506 876 570; x_wconf 88' lang='lat' dir='ltr'>inter</span> <span class='ocrx_word' id='word_1_19' title='bbox 895 528 929 571; x_wconf 86' lang='lat' dir='ltr'>se</span> <span class='ocrx_word' id='word_1_20' title='bbox 947 528 1083 592; x_wconf 88' lang='lat' dir='ltr'>perpen-</span> 
     </span>
     <span class='ocr_line' id='line_1_5' title="bbox 63 610 1082 697; baseline 0.001 -20"><span class='ocrx_word' id='word_1_21' title='bbox 63 610 228 679; x_wconf 83' lang='lat' dir='ltr'>diculares</span> <span class='ocrx_word' id='word_1_22' title='bbox 265 615 346 695; x_wconf 99' lang='grc' dir='ltr'>ΒΕ,</span> <span class='ocrx_word' id='word_1_23' title='bbox 386 616 470 697; x_wconf 80' lang='grc' dir='ltr'>ΒΘ,</span> <span class='ocrx_word' id='word_1_24' title='bbox 507 612 602 677; x_wconf 87' lang='lat' dir='ltr'>datus</span> <span class='ocrx_word' id='word_1_25' title='bbox 639 615 746 677; x_wconf 88' lang='lat' dir='ltr'>autem</span> <span class='ocrx_word' id='word_1_26' title='bbox 784 612 923 697; x_wconf 82' lang='lat' dir='ltr'>angulus</span> <span class='ocrx_word' id='word_1_27' title='bbox 960 614 1004 678; x_wconf 87' lang='lat' dir='ltr'>sit</span> <span class='ocrx_word' id='word_1_28' title='bbox 1040 617 1082 678; x_wconf 89' lang='lat' dir='ltr'>H.</span> 
     </span>
     <span class='ocr_line' id='line_1_6' title="bbox 64 718 1084 805; baseline -0.001 -20"><span class='ocrx_word' id='word_1_29' title='bbox 64 720 201 805; x_wconf 85' lang='lat' dir='ltr'>oportet</span> <span class='ocrx_word' id='word_1_30' title='bbox 229 718 332 804; x_wconf 82' lang='lat' dir='ltr'>igitur</span> <span class='ocrx_word' id='word_1_31' title='bbox 363 718 483 784; x_wconf 86' lang='lat' dir='ltr'>circum</span> <span class='ocrx_word' id='word_1_32' title='bbox 514 719 704 784; x_wconf 74' lang='lat' dir='ltr'><strong>alterutram</strong></span> <span class='ocrx_word' id='word_1_33' title='bbox 731 721 893 784; x_wconf 86' lang='lat' dir='ltr'>rectarum</span> <span class='ocrx_word' id='word_1_34' title='bbox 922 723 997 803; x_wconf 88' lang='grc' dir='ltr'>ΒΕ,</span> <span class='ocrx_word' id='word_1_35' title='bbox 1020 724 1084 784; x_wconf 83' lang='grc' dir='ltr'>ΒΘ</span> 
     </span>
     <span class='ocr_line' id='line_1_7' title="bbox 65 824 1083 911; baseline 0 -20"><span class='ocrx_word' id='word_1_36' title='bbox 65 824 237 911; x_wconf 86' lang='lat' dir='ltr'>oppositas</span> <span class='ocrx_word' id='word_1_37' title='bbox 260 824 451 909; x_wconf 79' lang='lat' dir='ltr'>describere,</span> <span class='ocrx_word' id='word_1_38' title='bbox 469 824 518 889; x_wconf 91' lang='lat' dir='ltr'>ite</span> <span class='ocrx_word' id='word_1_39' title='bbox 539 827 577 889; x_wconf 90' lang='lat' dir='ltr'>ut</span> <span class='ocrx_word' id='word_1_40' title='bbox 595 828 703 890; x_wconf 91' lang='lat' dir='ltr'>rectae</span> <span class='ocrx_word' id='word_1_41' title='bbox 721 824 890 891; x_wconf 75' lang='lat' dir='ltr'>ordinatae</span> <span class='ocrx_word' id='word_1_42' title='bbox 907 825 943 889; x_wconf 95' lang='lat' dir='ltr'>in</span> <span class='ocrx_word' id='word_1_43' title='bbox 962 826 1083 911; x_wconf 80' lang='lat' dir='ltr'>angulo</span> 
     </span>
     <span class='ocr_line' id='line_1_8' title="bbox 64 930 292 999; baseline 0 -4"><span class='ocrx_word' id='word_1_44' title='bbox 64 934 107 995; x_wconf 90' lang='lat' dir='ltr'><em>H</em></span> <span class='ocrx_word' id='word_1_45' title='bbox 124 930 292 999; x_wconf 76' lang='lat' dir='ltr'>ducentur.</span> 
     </span>
     <span class='ocr_line' id='line_1_9' title="bbox 133 1036 1083 1123; baseline -0.002 -20"><span class='ocrx_word' id='word_1_46' title='bbox 133 1042 169 1103; x_wconf 89' lang='lat' dir='ltr'>et</span> <span class='ocrx_word' id='word_1_47' title='bbox 192 1036 277 1103; x_wconf 85' lang='lat' dir='ltr'>datis</span> <span class='ocrx_word' id='word_1_48' title='bbox 299 1038 425 1103; x_wconf 87' lang='lat' dir='ltr'>duabus</span> <span class='ocrx_word' id='word_1_49' title='bbox 447 1038 545 1103; x_wconf 84' lang='lat' dir='ltr'>rectis</span> <span class='ocrx_word' id='word_1_50' title='bbox 563 1041 637 1123; x_wconf 89' lang='grc' dir='ltr'>ΒΕ,</span> <span class='ocrx_word' id='word_1_51' title='bbox 659 1041 721 1103; x_wconf 82' lang='grc' dir='ltr'>ΒΘ</span> <span class='ocrx_word' id='word_1_52' title='bbox 744 1037 944 1102; x_wconf 86' lang='lat' dir='ltr'>describetur</span> <span class='ocrx_word' id='word_1_53' title='bbox 965 1037 1083 1122; x_wconf 83' lang='lat' dir='ltr'>hyper-</span> 
     </span>
     <span class='ocr_line' id='line_1_10' title="bbox 64 1144 1082 1228; baseline -0.003 -17"><span class='ocrx_word' id='word_1_54' title='bbox 64 1145 156 1228; x_wconf 81' lang='lat' dir='ltr'>bole,</span> <span class='ocrx_word' id='word_1_55' title='bbox 176 1144 225 1209; x_wconf 86' lang='lat' dir='ltr'>ita</span> <span class='ocrx_word' id='word_1_56' title='bbox 242 1146 280 1211; x_wconf 90' lang='lat' dir='ltr'>ut</span> <span class='ocrx_word' id='word_1_57' title='bbox 301 1144 478 1210; x_wconf 81' lang='lat' dir='ltr'>diametrus</span> <span class='ocrx_word' id='word_1_58' title='bbox 500 1149 686 1210; x_wconf 84' lang='lat' dir='ltr'>transuersa</span> <span class='ocrx_word' id='word_1_59' title='bbox 709 1144 753 1209; x_wconf 87' lang='lat' dir='ltr'>eit</span> <span class='ocrx_word' id='word_1_60' title='bbox 771 1147 845 1226; x_wconf 88' lang='grc' dir='ltr'>ΒΕ,</span> <span class='ocrx_word' id='word_1_61' title='bbox 868 1144 954 1208; x_wconf 88' lang='lat' dir='ltr'>latus</span> <span class='ocrx_word' id='word_1_62' title='bbox 973 1148 1082 1209; x_wconf 86' lang='lat' dir='ltr'>autem</span> 
     </span>
     <span class='ocr_line' id='line_1_11' title="bbox 628 1250 1084 1336; baseline 0.004 -21"><span class='ocrx_word' id='word_1_63' title='bbox 628 1252 753 1315; x_wconf 87' lang='lat' dir='ltr'>reatum</span> <span class='ocrx_word' id='word_1_64' title='bbox 784 1250 910 1336; x_wconf 79' lang='lat' dir='ltr'>figurae</span> <span class='ocrx_word' id='word_1_65' title='bbox 942 1254 1018 1335; x_wconf 79' lang='grc' dir='ltr'>ΘΒ,</span> <span class='ocrx_word' id='word_1_66' title='bbox 1051 1255 1084 1317; x_wconf 85' lang='lat' dir='ltr'>et</span> 
     </span>
     <span class='ocr_line' id='line_1_12' title="bbox 627 1355 1084 1441; baseline 0.007 -22"><span class='ocrx_word' id='word_1_67' title='bbox 627 1358 736 1421; x_wconf 90' lang='lat' dir='ltr'>rectae</span> <span class='ocrx_word' id='word_1_68' title='bbox 753 1355 794 1421; x_wconf 91' lang='lat' dir='ltr'>ad</span> <span class='ocrx_word' id='word_1_69' title='bbox 808 1360 837 1420; x_wconf 91' lang='grc' dir='ltr'><strong><em>Β</em></strong></span> <span class='ocrx_word' id='word_1_70' title='bbox 843 1360 875 1420; x_wconf 90' lang='grc' dir='ltr'><strong><em>Ε</em></strong></span> <span class='ocrx_word' id='word_1_71' title='bbox 889 1357 1084 1441; x_wconf 89' lang='lat' dir='ltr'>productam</span> 
     </span>
     <span class='ocr_line' id='line_1_13' title="bbox 628 1462 1083 1529; baseline 0.002 -1"><span class='ocrx_word' id='word_1_72' title='bbox 628 1462 777 1528; x_wconf 89' lang='lat' dir='ltr'>ordinate</span> <span class='ocrx_word' id='word_1_73' title='bbox 809 1462 924 1528; x_wconf 89' lang='lat' dir='ltr'>ductae</span> <span class='ocrx_word' id='word_1_74' title='bbox 960 1464 995 1528; x_wconf 95' lang='lat' dir='ltr'>in</span> <span class='ocrx_word' id='word_1_75' title='bbox 1027 1486 1083 1529; x_wconf 91' lang='lat' dir='ltr'>an-</span> 
     </span>
     <span class='ocr_line' id='line_1_14' title="bbox 629 1568 1082 1656; baseline 0.009 -24"><span class='ocrx_word' id='word_1_76' title='bbox 629 1569 706 1653; x_wconf 81' lang='lat' dir='ltr'>gulo</span> <span class='ocrx_word' id='word_1_77' title='bbox 740 1572 780 1632; x_wconf 91' lang='lat' dir='ltr'><em>H</em></span> <span class='ocrx_word' id='word_1_78' title='bbox 807 1568 982 1656; x_wconf 83' lang='lat' dir='ltr'>ducantur3</span> <span class='ocrx_word' id='word_1_79' title='bbox 1019 1593 1082 1655; x_wconf 89' lang='lat' dir='ltr'>quo</span> 
     </span>
     <span class='ocr_line' id='line_1_15' title="bbox 628 1673 1084 1761; baseline 0.009 -23"><span class='ocrx_word' id='word_1_80' title='bbox 628 1673 725 1739; x_wconf 90' lang='lat' dir='ltr'>modo</span> <span class='ocrx_word' id='word_1_81' title='bbox 746 1675 831 1740; x_wconf 91' lang='lat' dir='ltr'>enim</span> <span class='ocrx_word' id='word_1_82' title='bbox 848 1674 911 1741; x_wconf 94' lang='lat' dir='ltr'>hoc</span> <span class='ocrx_word' id='word_1_83' title='bbox 925 1676 995 1741; x_wconf 87' lang='lat' dir='ltr'>fieri</span> <span class='ocrx_word' id='word_1_84' title='bbox 1008 1699 1084 1761; x_wconf 90' lang='lat' dir='ltr'>pos-</span> 
     </span>
     <span class='ocr_line' id='line_1_16' title="bbox 555 1782 1083 1871; baseline 0.004 -26"><span class='ocrx_word' id='word_1_85' title='bbox 555 1820 589 1871; x_wconf 70' lang='grc' dir='ltr'><em>Ζ</em></span> <span class='ocrx_word' id='word_1_86' title='bbox 629 1782 681 1861; x_wconf 85' lang='lat' dir='ltr'>sit,</span> <span class='ocrx_word' id='word_1_87' title='bbox 707 1784 803 1846; x_wconf 85' lang='lat' dir='ltr'>antea</span> <span class='ocrx_word' id='word_1_88' title='bbox 826 1782 1010 1865; x_wconf 85' lang='lat' dir='ltr'>expositum</span> <span class='ocrx_word' id='word_1_89' title='bbox 1033 1788 1083 1848; x_wconf 87' lang='lat' dir='ltr'>est</span> 
     </span>
     <span class='ocr_line' id='line_1_17' title="bbox 631 1886 1084 1975; baseline 0 -23"><span class='ocrx_word' id='word_1_90' title='bbox 631 1890 734 1972; x_wconf 89' lang='lat' dir='ltr'>[prop.</span> <span class='ocrx_word' id='word_1_91' title='bbox 750 1886 835 1968; x_wconf 83' lang='lat' dir='ltr'><strong>Lv].</strong></span> <span class='ocrx_word' id='word_1_92' title='bbox 871 1888 1008 1953; x_wconf 88' lang='lat' dir='ltr'>ducetur</span> <span class='ocrx_word' id='word_1_93' title='bbox 1025 1890 1084 1975; x_wconf 83' lang='lat' dir='ltr'>igi·</span> 
     </span>
     <span class='ocr_line' id='line_1_18' title="bbox 628 1994 1084 2080; baseline 0.007 -22"><span class='ocrx_word' id='word_1_94' title='bbox 628 1998 684 2059; x_wconf 89' lang='lat' dir='ltr'>tur</span> <span class='ocrx_word' id='word_1_95' title='bbox 710 2016 768 2079; x_wconf 89' lang='lat' dir='ltr'>per</span> <span class='ocrx_word' id='word_1_96' title='bbox 796 2000 828 2059; x_wconf 91' lang='grc' dir='ltr'><strong><em>Ε</em></strong></span> <span class='ocrx_word' id='word_1_97' title='bbox 855 1994 896 2060; x_wconf 91' lang='lat' dir='ltr'>ad</span> <span class='ocrx_word' id='word_1_98' title='bbox 923 1999 989 2060; x_wconf 90' lang='grc' dir='ltr'>ΒΕ</span> <span class='ocrx_word' id='word_1_99' title='bbox 1015 2018 1084 2080; x_wconf 92' lang='lat' dir='ltr'>per-</span> 
     </span>
     <span class='ocr_line' id='line_1_19' title="bbox 65 2099 1084 2189; baseline -0.003 -21"><span class='ocrx_word' id='word_1_100' title='bbox 65 2099 287 2189; x_wconf 86' lang='lat' dir='ltr'>pendicularis</span> <span class='ocrx_word' id='word_1_101' title='bbox 301 2102 378 2178; x_wconf 87' lang='grc' dir='ltr'>ΕΚ,</span> <span class='ocrx_word' id='word_1_102' title='bbox 396 2122 479 2185; x_wconf 84' lang='lat' dir='ltr'>quae</span> <span class='ocrx_word' id='word_1_103' title='bbox 494 2100 637 2185; x_wconf 80' lang='lat' dir='ltr'>aequalis</span> <span class='ocrx_word' id='word_1_104' title='bbox 653 2101 697 2166; x_wconf 89' lang='lat' dir='ltr'>sit</span> <span class='ocrx_word' id='word_1_105' title='bbox 710 2104 817 2167; x_wconf 86' lang='lat' dir='ltr'>rectae</span> <span class='ocrx_word' id='word_1_106' title='bbox 831 2105 904 2185; x_wconf 78' lang='grc' dir='ltr'>ΒΘ,</span> <span class='ocrx_word' id='word_1_107' title='bbox 924 2104 956 2165; x_wconf 90' lang='lat' dir='ltr'>et</span> <span class='ocrx_word' id='word_1_108' title='bbox 972 2101 1084 2167; x_wconf 90' lang='lat' dir='ltr'>eodem</span> 
     </span>
     <span class='ocr_line' id='line_1_20' title="bbox 66 2206 1083 2291; baseline -0.003 -16"><span class='ocrx_word' id='word_1_109' title='bbox 66 2207 169 2275; x_wconf 90' lang='lat' dir='ltr'>modo</span> <span class='ocrx_word' id='word_1_110' title='bbox 183 2208 248 2273; x_wconf 85' lang='lat' dir='ltr'>alia</span> <span class='ocrx_word' id='word_1_111' title='bbox 260 2206 442 2291; x_wconf 82' lang='lat' dir='ltr'>hyperbole</span> <span class='ocrx_word' id='word_1_112' title='bbox 456 2206 657 2272; x_wconf 85' lang='lat' dir='ltr'>describatur</span> <span class='ocrx_word' id='word_1_113' title='bbox 671 2212 705 2271; x_wconf 89' lang='grc' dir='ltr'><em>Δ</em></span> <span class='ocrx_word' id='word_1_114' title='bbox 710 2212 780 2291; x_wconf 86' lang='grc' dir='ltr'>ΕΖ,</span> <span class='ocrx_word' id='word_1_115' title='bbox 794 2208 892 2272; x_wconf 85' lang='lat' dir='ltr'>itaut</span> <span class='ocrx_word' id='word_1_116' title='bbox 906 2208 1083 2272; x_wconf 86' lang='lat' dir='ltr'>diametrus</span> 
     </span>
     <span class='ocr_line' id='line_1_21' title="bbox 67 2314 1085 2399; baseline -0.002 -18"><span class='ocrx_word' id='word_1_117' title='bbox 67 2316 114 2381; x_wconf 87' lang='lat' dir='ltr'>sit</span> <span class='ocrx_word' id='word_1_118' title='bbox 136 2318 215 2399; x_wconf 86' lang='grc' dir='ltr'>ΒΕ,</span> <span class='ocrx_word' id='word_1_119' title='bbox 241 2315 327 2379; x_wconf 87' lang='lat' dir='ltr'>latus</span> <span class='ocrx_word' id='word_1_120' title='bbox 352 2316 460 2378; x_wconf 84' lang='lat' dir='ltr'>eutem</span> <span class='ocrx_word' id='word_1_121' title='bbox 483 2316 607 2378; x_wconf 83' lang='lat' dir='ltr'>rectum</span> <span class='ocrx_word' id='word_1_122' title='bbox 630 2314 753 2398; x_wconf 83' lang='lat' dir='ltr'>figurae</span> <span class='ocrx_word' id='word_1_123' title='bbox 771 2318 852 2398; x_wconf 86' lang='grc' dir='ltr'>ΕΚ,</span> <span class='ocrx_word' id='word_1_124' title='bbox 880 2317 913 2378; x_wconf 84' lang='lat' dir='ltr'>et</span> <span class='ocrx_word' id='word_1_125' title='bbox 933 2318 1041 2378; x_wconf 88' lang='lat' dir='ltr'>rectae</span> <span class='ocrx_word' id='word_1_126' title='bbox 1065 2337 1085 2379; x_wconf 90' lang='lat' dir='ltr'>a</span> 
     </span>
     <span class='ocr_line' id='line_1_22' title="bbox 67 2419 1085 2505; baseline -0.006 -16"><span class='ocrx_word' id='word_1_127' title='bbox 67 2422 215 2489; x_wconf 84' lang='lat' dir='ltr'>sectione</span> <span class='ocrx_word' id='word_1_128' title='bbox 239 2420 387 2486; x_wconf 89' lang='lat' dir='ltr'>ordinate</span> <span class='ocrx_word' id='word_1_129' title='bbox 411 2419 526 2485; x_wconf 87' lang='lat' dir='ltr'>ductae</span> <span class='ocrx_word' id='word_1_130' title='bbox 549 2421 584 2484; x_wconf 91' lang='lat' dir='ltr'>in</span> <span class='ocrx_word' id='word_1_131' title='bbox 607 2420 727 2505; x_wconf 86' lang='lat' dir='ltr'>angulo</span> <span class='ocrx_word' id='word_1_132' title='bbox 751 2419 921 2502; x_wconf 88' lang='lat' dir='ltr'>ducentur,</span> <span class='ocrx_word' id='word_1_133' title='bbox 949 2420 1004 2502; x_wconf 92' lang='lat' dir='ltr'>qui</span> <span class='ocrx_word' id='word_1_134' title='bbox 1028 2440 1085 2483; x_wconf 92' lang='lat' dir='ltr'>an-</span> 
     </span>
     <span class='ocr_line' id='line_1_23' title="bbox 67 2524 1084 2615; baseline -0.005 -21"><span class='ocrx_word' id='word_1_135' title='bbox 67 2528 148 2615; x_wconf 80' lang='lat' dir='ltr'>gulo</span> <span class='ocrx_word' id='word_1_136' title='bbox 171 2530 212 2593; x_wconf 90' lang='lat' dir='ltr'><em>H</em></span> <span class='ocrx_word' id='word_1_137' title='bbox 230 2526 383 2609; x_wconf 78' lang='lat' dir='ltr'>deinceps</span> <span class='ocrx_word' id='word_1_138' title='bbox 406 2526 532 2610; x_wconf 87' lang='lat' dir='ltr'>positus</span> <span class='ocrx_word' id='word_1_139' title='bbox 554 2530 604 2591; x_wconf 88' lang='lat' dir='ltr'>est</span> <span class='ocrx_word' id='word_1_140' title='bbox 627 2528 732 2610; x_wconf 91' lang='lat' dir='ltr'>[prop.</span> <span class='ocrx_word' id='word_1_141' title='bbox 750 2524 833 2607; x_wconf 87' lang='lat' dir='ltr'><strong>LV].</strong></span> <span class='ocrx_word' id='word_1_142' title='bbox 875 2524 1084 2591; x_wconf 87' lang='lat' dir='ltr'>manifestum</span> 
     </span>
     <span class='ocr_line' id='line_1_24' title="bbox 66 2633 1084 2719; baseline -0.005 -20"><span class='ocrx_word' id='word_1_143' title='bbox 66 2638 121 2701; x_wconf 85' lang='lat' dir='ltr'>est</span> <span class='ocrx_word' id='word_1_144' title='bbox 150 2634 267 2719; x_wconf 80' lang='lat' dir='ltr'>igitur,</span> <span class='ocrx_word' id='word_1_145' title='bbox 299 2633 460 2699; x_wconf 88' lang='lat' dir='ltr'>sectiones</span> <span class='ocrx_word' id='word_1_146' title='bbox 492 2636 535 2717; x_wconf 91' lang='grc' dir='ltr'>Β,</span> <span class='ocrx_word' id='word_1_147' title='bbox 559 2637 591 2696; x_wconf 90' lang='grc' dir='ltr'><strong><em>Ε</em></strong></span> <span class='ocrx_word' id='word_1_148' title='bbox 620 2633 787 2717; x_wconf 88' lang='lat' dir='ltr'>oppositas</span> <span class='ocrx_word' id='word_1_149' title='bbox 821 2653 890 2696; x_wconf 87' lang='lat' dir='ltr'>esse</span> <span class='ocrx_word' id='word_1_150' title='bbox 922 2634 955 2695; x_wconf 87' lang='lat' dir='ltr'>et</span> <span class='ocrx_word' id='word_1_151' title='bbox 986 2651 1084 2695; x_wconf 84' lang='lat' dir='ltr'>unam</span> 
     </span>
     <span class='ocr_line' id='line_1_25' title="bbox 66 2737 1085 2827; baseline -0.004 -20"><span class='ocrx_word' id='word_1_152' title='bbox 66 2741 269 2827; x_wconf 88' lang='lat' dir='ltr'>eandemque</span> <span class='ocrx_word' id='word_1_153' title='bbox 287 2740 481 2805; x_wconf 89' lang='lat' dir='ltr'>diametrum</span> <span class='ocrx_word' id='word_1_154' title='bbox 499 2738 628 2822; x_wconf 84' lang='lat' dir='ltr'>habere,</span> <span class='ocrx_word' id='word_1_155' title='bbox 645 2738 811 2823; x_wconf 84' lang='lat' dir='ltr'>lateraque</span> <span class='ocrx_word' id='word_1_156' title='bbox 829 2740 919 2803; x_wconf 88' lang='lat' dir='ltr'>recte</span> <span class='ocrx_word' id='word_1_157' title='bbox 937 2737 1085 2820; x_wconf 85' lang='lat' dir='ltr'>aequalia</span> 
     </span>
     <span class='ocr_line' id='line_1_26' title="bbox 67 2868 148 2913; baseline 0 0"><span class='ocrx_word' id='word_1_158' title='bbox 67 2868 148 2913; x_wconf 86' lang='lat' dir='ltr'>esse.</span> 
     </span>
    </p>
   </div>
   <div class='ocr_carea' id='block_1_3' title="bbox 558 1329 591 1375">
    <p class='ocr_par' dir='ltr' id='par_1_3' title="bbox 558 1329 591 1375">
     <span class='ocr_line' id='line_1_27' title="bbox 558 1329 591 1375; baseline 0 0"><span class='ocrx_word' id='word_1_159' title='bbox 558 1329 591 1375; x_wconf 92' lang='grc' dir='ltr'><em>Δ</em></span> 
     </span>
    </p>
   </div>
   <div class='ocr_carea' id='block_1_4' title="bbox 547 2930 613 2996">
    <p class='ocr_par' dir='ltr' id='par_1_4' title="bbox 547 2930 613 2996">
     <span class='ocr_line' id='line_1_28' title="bbox 547 2930 613 2996; baseline 0 0"><span class='ocrx_word' id='word_1_160' title='bbox 547 2930 613 2996; x_wconf 88' lang='lat' dir='ltr'>LX.</span> 
     </span>
    </p>
   </div>
   <div class='ocr_carea' id='block_1_5' title="bbox 67 3057 1086 3571">
    <p class='ocr_par' dir='ltr' id='par_1_5' title="bbox 67 3057 1086 3571">
     <span class='ocr_line' id='line_1_29' title="bbox 134 3057 1084 3141; baseline -0.003 -16"><span class='ocrx_word' id='word_1_161' title='bbox 134 3058 231 3125; x_wconf 84' lang='lat' dir='ltr'>Datis</span> <span class='ocrx_word' id='word_1_162' title='bbox 248 3057 373 3123; x_wconf 90' lang='lat' dir='ltr'>duabus</span> <span class='ocrx_word' id='word_1_163' title='bbox 392 3058 489 3123; x_wconf 82' lang='lat' dir='ltr'>rectis</span> <span class='ocrx_word' id='word_1_164' title='bbox 504 3057 588 3121; x_wconf 90' lang='lat' dir='ltr'>inter</span> <span class='ocrx_word' id='word_1_165' title='bbox 603 3077 637 3120; x_wconf 89' lang='lat' dir='ltr'>se</span> <span class='ocrx_word' id='word_1_166' title='bbox 652 3057 686 3120; x_wconf 92' lang='lat' dir='ltr'>in</span> <span class='ocrx_word' id='word_1_167' title='bbox 701 3057 795 3121; x_wconf 92' lang='lat' dir='ltr'>binas</span> <span class='ocrx_word' id='word_1_168' title='bbox 809 3060 918 3141; x_wconf 80' lang='lat' dir='ltr'>partes</span> <span class='ocrx_word' id='word_1_169' title='bbox 934 3059 1084 3141; x_wconf 87' lang='lat' dir='ltr'>aequales</span> 
     </span>
     <span class='ocr_line' id='line_1_30' title="bbox 67 3162 1085 3248; baseline -0.005 -15"><span class='ocrx_word' id='word_1_170' title='bbox 67 3164 256 3233; x_wconf 81' lang='lat' dir='ltr'>secantibus</span> <span class='ocrx_word' id='word_1_171' title='bbox 291 3163 410 3230; x_wconf 92' lang='lat' dir='ltr'>circum</span> <span class='ocrx_word' id='word_1_172' title='bbox 442 3166 614 3247; x_wconf 89' lang='lat' dir='ltr'>utramque</span> <span class='ocrx_word' id='word_1_173' title='bbox 647 3162 807 3227; x_wconf 87' lang='lat' dir='ltr'>sectiones</span> <span class='ocrx_word' id='word_1_174' title='bbox 836 3165 1004 3248; x_wconf 87' lang='lat' dir='ltr'>oppositas</span> <span class='ocrx_word' id='word_1_175' title='bbox 1032 3165 1085 3229; x_wconf 92' lang='lat' dir='ltr'>de-</span> 
     </span>
     <span class='ocr_line' id='line_1_31' title="bbox 67 3269 1086 3357; baseline -0.007 -18"><span class='ocrx_word' id='word_1_176' title='bbox 67 3271 220 3357; x_wconf 86' lang='lat' dir='ltr'>scribere,</span> <span class='ocrx_word' id='word_1_177' title='bbox 241 3271 290 3335; x_wconf 91' lang='lat' dir='ltr'>ita</span> <span class='ocrx_word' id='word_1_178' title='bbox 312 3272 350 3335; x_wconf 86' lang='lat' dir='ltr'>ut</span> <span class='ocrx_word' id='word_1_179' title='bbox 372 3269 522 3335; x_wconf 88' lang='lat' dir='ltr'>diametri</span> <span class='ocrx_word' id='word_1_180' title='bbox 545 3291 656 3333; x_wconf 89' lang='lat' dir='ltr'>earum</span> <span class='ocrx_word' id='word_1_181' title='bbox 679 3269 872 3355; x_wconf 81' lang='lat' dir='ltr'>coniugatae</span> <span class='ocrx_word' id='word_1_182' title='bbox 894 3270 960 3335; x_wconf 84' lang='lat' dir='ltr'>sint</span> <span class='ocrx_word' id='word_1_183' title='bbox 978 3273 1086 3337; x_wconf 83' lang='lat' dir='ltr'>rectae</span> 
     </span>
     <span class='ocr_line' id='line_1_32' title="bbox 68 3375 1086 3463; baseline -0.005 -20"><span class='ocrx_word' id='word_1_184' title='bbox 68 3376 183 3463; x_wconf 84' lang='lat' dir='ltr'>datae,</span> <span class='ocrx_word' id='word_1_185' title='bbox 221 3378 255 3441; x_wconf 87' lang='lat' dir='ltr'>et</span> <span class='ocrx_word' id='word_1_186' title='bbox 290 3375 468 3441; x_wconf 88' lang='lat' dir='ltr'>diametrus</span> <span class='ocrx_word' id='word_1_187' title='bbox 500 3376 637 3440; x_wconf 88' lang='lat' dir='ltr'>duarum</span> <span class='ocrx_word' id='word_1_188' title='bbox 670 3376 894 3460; x_wconf 86' lang='lat' dir='ltr'>oppositarum</span> <span class='ocrx_word' id='word_1_189' title='bbox 926 3375 1086 3459; x_wconf 87' lang='lat' dir='ltr'>quadrata</span> 
     </span>
     <span class='ocr_line' id='line_1_33' title="bbox 68 3471 1086 3571; baseline -0.006 -20"><span class='ocrx_word' id='word_1_190' title='bbox 68 3484 216 3571; x_wconf 82' lang='lat' dir='ltr'>aequalis</span> <span class='ocrx_word' id='word_1_191' title='bbox 245 3484 288 3549; x_wconf 86' lang='lat' dir='ltr'>sit</span> <span class='ocrx_word' id='word_1_192' title='bbox 309 3483 431 3568; x_wconf 84' lang='lat' dir='ltr'>figurae</span> <span class='ocrx_word' id='word_1_193' title='bbox 456 3471 632 3547; x_wconf 85' lang='lat' dir='ltr'>alterarum</span> <span class='ocrx_word' id='word_1_194' title='bbox 656 3482 894 3566; x_wconf 86' lang='lat' dir='ltr'>oppositarum,</span> <span class='ocrx_word' id='word_1_195' title='bbox 922 3479 1086 3545; x_wconf 89' lang='lat' dir='ltr'>similiter·</span> 
     </span>
    </p>
   </div>
   <div class='ocr_carea' id='block_1_6' title="bbox 0 0 1230 3892">
    <p class='ocr_par' dir='ltr' id='par_1_6' title="bbox 0 0 1230 3892">
     <span class='ocr_line' id='line_1_34' title="bbox 0 0 1230 3892; baseline 0 0"><span class='ocrx_word' id='word_1_196' title='bbox 0 0 1230 3892; x_wconf 95' lang='lat' dir='ltr'> </span> 
     </span>
    </p>
   </div>
  </div>
 </body>
</html>
