2446 3916
139 139 182 204 66
535 140 703 194 mmm
721 135 762 194 α’.

139 279 160 368 ῆ
184 287 223 349 N
229 289 256 348 A
278 280 363 368 πρὸς
384 279 447 369 τῆν
465 289 543 352 ΛΑ.
580 279 655 350 ἀλλ’
677 279 721 362 ὡς
744 279 765 368 ῆ
788 289 868 350 ΜΚ
887 280 972 370 πρὸς
992 279 1057 369 τῆν
1077 289 1159 370 ΚΒ,

139 391 198 474 τῆς
220 395 290 456 ΚΑ
322 392 441 457 κοινοῦ
470 387 579 471 ὕψους
606 391 861 475 λαμβανομένης
889 386 994 469 οὕτως
1021 387 1059 458 τὸ
1089 387 1160 458 ὑπὸ

140 501 256 563 ΜΚΑ
282 494 367 580 πρὸς
392 494 431 563 τὸ
458 493 524 564 ὑπὸ
549 503 667 580 ΒΚΑ,
696 492 740 575 ὡς
764 495 801 563 δέ
823 495 844 582 ῆ
869 502 941 564 ΝΛ
967 495 1052 581 πρὸς
1075 503 1158 579 ΛΑ,

139 605 198 688 τῆς
225 608 291 668 ΒΛ
322 606 441 670 κοινοῦ
469 600 579 682 ὕψους
605 595 861 688 λαμβανομένης
889 602 994 683 οὕτως
1021 601 1059 672 τὸ
1088 601 1158 673 ὑπὸ

103 715 245 784 εΝΛΒ
269 705 352 792 πρὸς
374 707 412 775 τὸ
436 704 502 776 ὑπὸ
521 714 633 775 ΑΛΒ.
669 708 725 775 καὶ
750 705 795 788 ὡς
813 707 879 795 ἄρα
897 706 935 776 τὸ
954 706 1021 778 ὑπὸ
1040 716 1159 778 ΜΚΑ

139 814 222 903 πρὸς
244 812 282 883 τὸ
305 813 371 881 ὑπὸ
392 821 505 899 ΒΚΑ,
530 811 637 892 οὕτως
658 812 696 880 τὸ
716 812 781 882 ὑπὸ
801 821 906 882 ΝΛΒ
929 813 1014 902 πρὸς
1030 813 1070 883 τὸ
1088 814 1158 886 ὑπὸ

70 984 75 994 .
139 929 252 990 ΑΛΒ.
297 921 354 988 καὶ
377 918 533 1006 ἐναλλάξ,
561 916 607 998 ὡς
628 918 666 988 τὸ
689 917 755 988 ὑπὸ
780 926 894 989 ΜΚΑ
920 921 1003 1008 πρὸς
1024 922 1064 991 τὸ
1087 919 1157 992 ὑπὸ

140 1035 257 1113 ΝΛΒ,
282 1027 390 1106 οὕτως
411 1024 449 1093 τὸ
473 1024 538 1094 ὑπὸ
562 1031 667 1093 ΒΚΑ
689 1049 772 1113 προς
793 1025 831 1095 τὸ
855 1023 921 1096 ὑπὸ
945 1035 1056 1096 ΑΛΒ.
1098 1035 1162 1097 καί

140 1135 230 1202 ἐστιν
260 1141 336 1200 ίσον
363 1131 401 1201 τὸ
429 1129 495 1201 ὑπὸ
518 1139 633 1200 ΜΚΑ
663 1143 709 1225 τῷ
738 1130 804 1202 ὑπὸ
829 1137 947 1201 ΝΛΒ·
980 1143 1061 1203 ίσον
1088 1132 1157 1223 ἄρα

88 1268 121 1316 10
140 1241 209 1310 ἐστὶ
232 1240 289 1308 καὶ
310 1237 348 1307 τὸ
371 1237 436 1308 ὑπὸ
461 1246 565 1308 ΒΚΑ
586 1243 632 1331 τῷ
655 1237 721 1307 ὑπὸ
741 1247 857 1307 ΑΛΒ·
885 1249 940 1327 ίση
959 1242 1025 1328 ἄρα
1044 1238 1065 1328 ῆ
1085 1247 1161 1310 ΑΚ

139 1358 179 1436 τῇ
197 1353 271 1414 ΛΒ.
318 1351 385 1414 ἔστι
409 1347 446 1415 δὲ
468 1347 524 1415 καὶ
547 1344 567 1433 ῆ
592 1353 659 1415 ΑΓ
677 1350 717 1435 τῆ
740 1352 801 1414 ΓΒ
825 1356 894 1434 ίση·
921 1348 978 1415 καὶ
1001 1345 1062 1434 ὅλη
1086 1345 1156 1437 ἄρα

139 1452 161 1541 ῆ
179 1459 250 1523 ΚΓ
269 1451 330 1542 ὅλη
353 1457 394 1542 τῆ
414 1460 473 1521 ΓΛ
496 1462 551 1539 ίση
575 1455 678 1521 ἐστίν·
707 1451 791 1521 ὥστε
812 1453 869 1520 καὶ
891 1450 912 1540 ἡ
936 1456 1004 1529 ΗΞ
1023 1456 1064 1542 τῆ
1082 1456 1158 1530 ΞΘ.

62 1604 65 1609 ,
139 1559 160 1648 ῆ
180 1569 248 1629 ΗΘ
265 1560 331 1648 ἄρα
351 1565 428 1647 δίχα
445 1562 600 1646 τέτμηται
617 1556 682 1627 ὑπὸ
702 1562 761 1646 τῆς
778 1562 886 1636 EM·
909 1566 968 1628 καί
983 1562 1052 1629 ἐστι
1071 1585 1156 1649 παρ-

140 1667 284 1754 άλληλος
305 1671 345 1754 τῆ
369 1674 447 1734 ΑΒ·
480 1665 655 1753 διάμετρος
678 1664 742 1753 ἄρα
766 1667 836 1734 ἐστὶ
857 1667 912 1734 καὶ
935 1664 956 1754 ῆ
980 1670 1076 1743 ,m
1098 1687 1158 1736 συ-

87 1801 121 1849 16
141 1772 239 1861 ζυγῆς
261 1776 301 1860 τῆ
325 1779 398 1840 ΑΒ.

568 2000 656 2089 ὅροι
682 2003 726 2089 β’.

211 2149 276 2232 Τῆς
294 2138 483 2232 ὑπερβολῆς
503 2146 559 2214 καὶ
577 2151 635 2233 τῆς
654 2149 829 2226 ἐλλείψεως
848 2146 1002 2234 ἑκατέρας
1021 2145 1040 2234 ῆ
1065 2152 1157 2236 διχο-

139 2258 238 2340 τομία
261 2255 319 2338 τῆς
343 2254 523 2339 διαμέτρου
545 2254 685 2338 κέντρον
711 2257 771 2340 τῆς
793 2257 896 2340 τομῆς
918 2259 1104 2340 καλείσθω,
1132 2283 1155 2344 η

141 2359 179 2429 δὲ
201 2357 266 2427 ἀπὸ
290 2362 350 2427 τοῦ
373 2360 513 2446 κέντρου
536 2358 620 2447 πρὸς
639 2361 701 2446 τῆν
719 2358 825 2447 τομῆυ
843 2366 1097 2448 προσπίπτουσα
1118 2365 1155 2431 ἐκ

87 2478 122 2528 20
139 2471 200 2536 τοῦ
223 2468 365 2553 κέντρου
388 2470 447 2551 τῆς
469 2469 580 2553 τομῆς.
905 2452 915 2469 ’

207 2571 333 2662 ὁμοίως
361 2573 398 2641 δὲ
425 2573 571 2641 καὶτῶν
595 2569 832 2659 ἀντικειμένων
855 2572 876 2660 ῆ
901 2578 1074 2661 διχοτομία
1096 2579 1158 2661 τῆς

139 2686 280 2766 πλαγίας
302 2684 447 2767 πλευρᾶς
469 2681 609 2766 κέντρον
632 2685 809 2749 καλείσθω.

206 2784 228 2873 ῆ
258 2786 295 2854 δὲ
323 2784 388 2863 ἀπὸ
416 2790 477 2853 τοῦ
504 2788 647 2874 κέντρου
674 2785 801 2873 ἠγμένη
834 2784 922 2874 παρὰ
949 2788 1158 2873 τεταγμένως

140 2894 349 2979 κατηγμένην
382 2893 486 2978 μέσον
512 2920 547 2961 τε
578 2892 682 2978 λόγου
710 2898 832 2980 ἔχουσα
859 2904 928 2961 τῶν
955 2897 1016 2961 τοῦ
1041 2896 1158 2974 είὸους

86 3013 121 3062 25
139 3002 294 3086 πλευρῶν
312 2999 368 3065 καὶ
388 3002 464 3085 δίχα
482 3002 667 3087 τεμνομένη
686 2996 751 3067 ὑπὸ
772 3003 833 3067 τοῦ
852 3001 994 3088 κέντρου
1013 2999 1156 3088 δευτέρα

141 3105 318 3192 διάμετρος
340 3111 518 3172 καλείσθω.

212 3306 236 3355 3.
256 3300 325 3369 ΝΛ]
341 3316 387 3367 ov,
407 3301 464 3355 ΝΑ
478 3298 526 3352 uel
540 3301 643 3368 Μαι,
663 3306 716 3356 κη
731 3319 757 3371 p.
816 3306 856 3355 10.
876 3277 1179 3373 ἅρα]λραιαιορ,’

140 3367 197 3441 ἄρα
213 3367 287 3426 ἐστίν
307 3372 447 3426 Eutocius.
521 3378 562 3426 13.
582 3373 675 3444 tm]
697 3390 738 3442 cv,
759 3375 785 3427 Γ
800 3373 852 3427 ins.
871 3391 908 3428 m.
928 3380 942 3426 1
963 3370 1000 3436 V;
1021 3374 1109 3432 ΔΓΞ
1127 3391 1155 3444 p.

140 3438 470 3584 1113ἳὲίιίιὲἷρριτικειμένων
490 3442 527 3512 V;
551 3459 620 3500 corr.
640 3460 710 3514 cvp.
784 3451 826 3500 23.
846 3442 1102 3514 παρατεταγμένως
1121 3444 1156 3513 V,
