2446 3916
376 192 379 203 ›
412 166 627 218 courooauu
644 166 754 216 amns
772 167 807 218 11.
1050 161 1115 226 269

98 310 162 374 erit
185 309 289 391 [Eucl.
313 309 376 374 dat.
396 310 464 389 30]‚
487 313 520 373 et
543 309 584 374 ob
609 330 750 390 eausam,
774 330 872 392 quam
892 306 1117 390 iudicauimus,

99 417 162 481 erit
187 419 258 480 ΕΔ
272 445 314 468 =
331 421 405 480 AZ.
457 436 557 501 quare
590 419 623 478 A
655 415 767 478 datum
800 416 858 478 est.
913 434 972 496 per
1005 412 1118 478 datum

99 522 203 607 igitur
234 527 391 606 punctum
424 527 458 586 A
489 525 597 586 rectae
629 524 695 585 AB
727 521 889 604 positione
922 520 1018 584 datae
1045 542 1117 603 par-

99 628 197 693 allela
230 628 327 693 ducta
360 631 410 692 est
441 631 523 711 PA3
556 649 634 712 ergo
667 630 733 691 ΓΔ
764 627 927 711 positione
960 625 1037 690 data
1070 629 1119 690 est

101 734 206 815 [Eucl.
231 734 295 800 dat.
318 735 386 816 28].

168 844 381 925 componetur
403 841 466 905 hoc
489 839 598 906 modo:
634 841 679 905 sit
702 840 779 905 data
800 839 971 923 parabola,
997 839 1032 903 in
1056 861 1120 924 qua

101 952 178 1012 sunt
204 953 324 1032 puncta
350 952 386 1033 Z,
409 952 447 1029 Ε,
470 953 512 1026 Α,
539 950 573 1011 et
600 947 668 1011 eius
698 947 873 1011 diametrus
898 941 1034 1010 ducetur
1057 949 1119 1010 AB

102 1055 213 1137 [prop.
239 1052 383 1139 XLIV],
421 1053 461 1117 ad
499 1075 634 1138 eamque
670 1052 947 1137 perpendicularis
984 1051 1120 1117 ducatur

100 1164 167 1225 ΒΕ
192 1165 225 1225 et
252 1160 292 1224 ad
321 1165 348 1223 Z
376 1157 582 1244 producatur.
627 1161 693 1224 iam
722 1161 747 1224 si
775 1163 838 1224 ΕΒ
854 1190 895 1213 =
911 1163 987 1238 BZ,
1014 1159 1120 1224 mani-

100 1267 221 1331 festum
245 1272 303 1350 est,
326 1271 392 1330 AB
417 1288 509 1331 axem
534 1288 603 1331 esse
628 1264 659 1348 [I
682 1266 744 1330 def.
765 1266 813 1352 7];
842 1267 893 1331 sin
917 1266 1034 1350 minus,
1057 1270 1120 1330 ΕΖ

102 1373 136 1437 in
165 1374 198 1433 A
225 1372 260 1437 in
286 1372 364 1437 duas
387 1377 499 1457 partes
523 1373 676 1457 aequales
700 1377 839 1457 secetur,
869 1378 901 1437 et
923 1376 1032 1437 rectae
1055 1374 1120 1436 ΑΒ

102 1479 261 1563 parallelo
288 1479 425 1544 ducetur
448 1483 522 1544 ΓΔ.
569 1477 778 1558 manifestum
802 1479 917 1563 igitur,
939 1481 1006 1543 ΓΔ
1029 1500 1121 1542 exem

103 1607 173 1650 esse
203 1586 365 1651 sectionis.
415 1608 493 1650 nam
522 1586 681 1650 diametro
710 1585 868 1668 parallelo
897 1584 1005 1667 ducta,
1034 1585 1066 1648 h.
1094 1607 1121 1649 e.

102 1692 175 1775 ipsa
199 1691 373 1757 diametrus
403 1692 441 1774 [I,
464 1693 505 1757 51
531 1692 669 1775 corolll,
696 1695 818 1756 rectam
841 1695 904 1754 ΕΖ
928 1689 1018 1755 etin
1042 1690 1121 1755 duas

101 1803 212 1883 partes
237 1800 388 1884 aequales
413 1808 445 1863 et
469 1799 509 1863 ad
533 1799 671 1885 angulos
695 1801 801 1864 rectos
826 1800 915 1862 secat
940 1797 971 1878 [Ι
994 1797 1055 1862 def.
1076 1799 1121 1879 7].

104 1925 181 1990 ergo
207 1905 302 1970 datae
324 1906 501 1991 parabolae
526 1907 594 1971 axis
617 1906 770 1970 inuentus
795 1906 845 1969 est
867 1905 942 1971 ΓΔ.

171 2016 204 2077 et
232 2012 441 2077 manifestum
470 2016 532 2096 est,
562 2035 663 2077 unum
687 2012 793 2077 solum
818 2033 910 2076 axem
934 2032 1004 2075 esse
1027 2033 1122 2095 para-

103 2118 208 2184 belae
253 2140 329 2183 nam
358 2119 386 2183 si
415 2119 498 2184 alius
524 2141 651 2204 quoque
675 2121 736 2185 erit
758 2123 898 2197 u,tAB
926 2121 1033 2184 rectae
1057 2120 1123 2182 ΓΔ

103 2223 261 2306 parallela
288 2224 350 2288 erit
378 2223 420 2309 [I,
448 2225 490 2289 51
520 2226 654 2307 eoroll.].
706 2231 739 2291 et
769 2230 892 2291 rectam
924 2228 987 2288 ΕΖ
1020 2227 1122 2308 secat3

105 2351 204 2412 quare
219 2331 318 2395 etiam
333 2331 368 2394 in
384 2329 463 2394 duas
477 2334 588 2415 partes
603 2332 754 2417 aequales
770 2354 841 2396 earn
857 2352 929 2395 seca
930 2329 989 2408 t[I
930 2329 1066 2394 t.def
1077 2330 1122 2410 4].

104 2437 215 2520 itaque
238 2441 358 2501 BE=
374 2441 448 2521 ΒΖ;
474 2438 560 2521 quod
584 2438 759 2503 absurdum
784 2441 843 2502 est.

545 2630 681 2696 XLVII.

172 2753 277 2819 Datae
299 2754 498 2838 hyperbolae
522 2755 575 2819 uel
599 2755 723 2838 ellipsis
747 2775 841 2818 axem
864 2752 1021 2817 inuenire.

174 2863 217 2924 sit
245 2862 347 2924 ΑΒΓ
369 2859 553 2944 hyperbola
584 2860 638 2924 uel
671 2859 805 2945 ellipsis.
861 2861 991 2943 oportet
1022 2861 1124 2946 igitur

105 2989 199 3031 axem
223 2966 292 3032 eius
315 2967 470 3032 inuenire.

172 3073 325 3138 inuentus
346 3073 389 3137 sit
408 3077 441 3137 et
459 3074 502 3137 sit
516 3077 551 3136 K
555 3078 597 3156 A,
621 3077 767 3138 centrum
787 3077 895 3138 autem
910 3072 1062 3138 sectionis
1081 3074 1124 3138 sit

106 3183 153 3263 K3
176 3180 287 3264 itaque
305 3183 377 3244 ΚΔ
399 3176 505 3244 rectas
527 3179 567 3243 ad
586 3200 658 3244 eam
677 3179 825 3244 ordinate
844 3180 956 3243 ductas
976 3180 1011 3243 in
1029 3180 1124 3245 binas

105 3289 216 3369 partes
241 3287 392 3370 aequales
421 3288 453 3349 et
477 3285 517 3349 ad
541 3285 679 3370 angulos
703 3290 809 3350 rectos
834 3288 922 3350 secat
947 3283 976 3364 [I
1000 3284 1060 3349 def.
1081 3287 1114 3349 7¹

175 3389 309 3455 dueatur
341 3390 615 3475 perpendicularis
643 3393 759 3474 ΓΔΑ,
793 3390 1014 3475 ducanturque
1046 3393 1076 3454 Il

107 3499 182 3561 ΚΓ.
215 3498 280 3562 iam
296 3497 449 3582 quoniam
464 3501 513 3561 est
523 3500 589 3579 ΓΔ
600 3529 641 3550 =
652 3500 731 3582 ΛΑ,
746 3496 916 3561 eritetiam
927 3498 994 3558 ΓΚ
1003 3524 1056 3560 ==.
