2438 3892
419 165 634 218 CONIOORUM
651 165 761 215 LIBER
778 165 800 215 I.
1076 161 1119 225 23

101 330 291 376 concurrere
328 312 361 395 et
397 309 437 373 ad
475 309 612 372 alteram
647 310 776 391 partem
814 307 888 372 coni
920 306 1119 390 productam,

102 417 203 480 donec
227 437 302 480 oum
325 415 493 499 superficie
513 415 581 478 eius
601 416 781 497 concurrat,
806 435 825 476 a
843 413 943 496 plano
962 413 1119 497 trianguli

100 525 205 587 ΑΒΓ
224 523 258 587 iu
281 521 360 587 duas
383 523 493 605 partes
519 521 670 605 aequales
695 520 806 598 secari.

168 628 306 693 ducatur
327 632 398 692 ΑΔ
425 630 458 692 et
485 627 699 711 producatur;
727 630 897 691 concurret
920 625 1023 710 igitur
1046 647 1118 691 oum

101 736 226 800 ambitu
249 735 359 800 circuli
382 737 448 800 ΒΓ
468 737 573 818 [prop.
591 732 632 813 I].
674 737 847 798 concurrat
869 733 903 796 in
926 736 968 815 K,
992 735 1025 795 ct
1049 735 1122 796 aK

100 841 140 904 ad
175 844 243 906 ΒΓ
273 840 548 925 perpendicularis
588 840 724 905 ducatur
756 842 791 902 K
796 841 874 922 ΘΛ;
911 838 1020 921 itaque
1053 841 1120 901 ΚΘ

98 951 205 1012 rectae
234 951 317 1012 MN
339 946 499 1030 parallelo
527 949 578 1010 est
608 946 713 1026 [Eucl.
741 944 765 1028 I,
793 945 865 1026 28];
895 965 993 1027 quare
1021 943 1120 1007 etiam

98 1055 207 1118 rectae
221 1056 255 1116 A
260 1056 291 1116 Ε
306 1052 412 1132 [Eucl.
425 1052 482 1136 XI,
497 1054 541 1133 {³].
574 1053 709 1117 ducatur
729 1053 769 1117 ab
785 1057 817 1115 A
836 1051 877 1115 ad
892 1055 920 1114 Θ
939 1053 1028 1114 recta
1043 1055 1075 1113 A
1081 1053 1118 1113 Θ.

98 1159 165 1222 iam
190 1160 347 1242 quoniam
369 1160 403 1222 in
426 1159 592 1243 triangulo
617 1162 722 1222 ΑΘΚ
742 1163 852 1224 rectae
871 1160 940 1222 ΘΚ
959 1157 1119 1240 parallela

100 1268 152 1329 est
166 1271 199 1328 A
205 1269 243 1347 E,
263 1268 333 1328 ΔΒ
349 1262 507 1348 producta
525 1286 599 1328 cum
613 1269 678 1330 ΑΘ
694 1268 865 1329 concurret
881 1262 988 1346 [Euol.
1002 1261 1058 1347 VI,
1073 1263 1118 1343 2]-

98 1391 212 1434 uerum
233 1374 299 1434 ΑΘ
316 1371 353 1434 in
371 1370 470 1453 plano
490 1369 646 1455 trianguli
665 1373 766 1435 ΑΒΓ
780 1371 889 1453 posita
908 1372 965 1433 est.
1006 1370 1117 1453 itaque

99 1481 171 1541 ΛΕ
192 1498 265 1540 cum
288 1477 389 1561 plano
412 1475 572 1561 trianguli
595 1479 698 1540 ΑΒΓ
717 1478 894 1541 concurret.

166 1582 262 1647 simul
290 1582 600 1666 demonstrauimus,
629 1603 700 1646 eam
728 1583 828 1647 etiam
856 1602 929 1645 curn
953 1583 1019 1644 ΑΘ
1042 1601 1118 1644 oon-

98 1710 235 1754 ourrere.
277 1694 451 1754 concurrat
473 1689 507 1752 in
527 1693 564 1770 Z,
588 1691 620 1752 ct
641 1692 706 1752 ΔΖ
729 1688 763 1751 in
786 1687 943 1752 directum
963 1685 1118 1771 produca-

97 1799 160 1878 tur,
188 1794 290 1860 donec
318 1817 391 1860 oum
420 1795 593 1878 superficie
622 1794 694 1859 coni
717 1798 898 1859 concurrat.
945 1796 1119 1859 concurrat

97 1901 134 1964 in
156 1904 199 1965 H.
245 1899 331 1983 dico,
354 1921 424 1965 esse
448 1903 663 1965 AZ=ZH.

166 2029 243 2070 nam
272 2007 426 2090 quoniam
453 2011 575 2090 puncta
598 2012 644 2091 A,
667 2011 714 2091 H,
738 2010 769 2070 A
793 2009 827 2072 in
852 2007 1020 2090 superficie
1044 2007 1117 2072 coni

99 2114 188 2195 sunt,
214 2133 327 2176 uerum
350 2112 450 2176 etiam
473 2113 508 2176 iu
530 2114 629 2197 plano
652 2135 711 2196 per
732 2119 766 2178 A
773 2117 814 2195 Θ,
836 2117 920 2197 ΑΚ,
943 2116 1025 2196 ΔΗ,
1048 2117 1083 2177 Κ
1089 2116 1120 2176 Λ

99 2218 205 2300 ducto,
226 2218 310 2302 quod
328 2218 511 2304 triangulus
526 2223 576 2283 est
590 2241 648 2302 per
661 2220 816 2284 uerticem
830 2221 905 2284 coni
924 2223 1031 2303 [prop.
1044 2218 1119 2303 III],

96 2327 220 2408 puncta
243 2331 283 2408 A,
307 2328 350 2408 H,
373 2326 461 2389 Ain
485 2325 648 2390 communi
672 2327 813 2390 sectione
838 2326 1021 2410 superficiei
1044 2326 1119 2390 coni

97 2431 318 2516 triangulique
347 2434 430 2496 sunt.
481 2432 591 2516 itaque
620 2433 705 2498 linea
732 2454 791 2516 per
819 2438 864 2517 A,
878 2437 938 2515 H,
961 2434 993 2494 A
1021 2431 1118 2496 ducta

97 2540 187 2602 recta
206 2541 263 2602 est.
303 2538 369 2602 iam
388 2538 540 2621 quoniam
559 2539 594 2602 in
612 2539 778 2623 triangulo
798 2544 831 2602 A
837 2542 908 2602 ΛΚ
925 2537 997 2601 basi
1016 2538 1120 2602 ΚΘΛ

96 2644 254 2728 parallelo
279 2643 375 2708 ducta
398 2647 449 2708 est
471 2647 558 2727 AH,
583 2647 615 2708 et
639 2643 680 2708 ab
704 2649 736 2707 A
759 2644 915 2727 producta
939 2646 989 2707 est
1011 2648 1119 2718 ΑΖΘ,

98 2750 161 2813 erit
188 2754 254 2814 ΚΘ
273 2772 280 2812 :
300 2753 365 2814 ΘΛ
384 2781 426 2802 =
447 2755 512 2814 ΛΖ
527 2772 534 2812 :
551 2753 627 2813 ZH.
679 2752 729 2814 est
757 2752 867 2814 autem
894 2753 964 2814 ΚΘ
983 2780 1025 2803 =
1045 2754 1118 2836 ΘΛ,

97 2856 252 2938 quoniam
275 2857 309 2920 in
333 2857 451 2921 circulo
474 2859 540 2920 ΒΓ
560 2856 600 2920 ad
624 2855 818 2921 diametrum
841 2857 1116 2941 perpendicularis

98 2963 149 3024 est
173 2965 242 3025 ΚΛ
267 2961 372 3042 [Eucl.
390 2961 449 3046 HI,
469 2962 513 3042 3].
561 2983 639 3047 ergo
663 2963 763 3027 etiam
786 2967 853 3027 ΛΖ
867 2995 909 3017 =
925 2967 1000 3028 ZH.

572 3155 646 3222 VII.

166 3277 201 3344 Si
229 3300 329 3344 conus
357 3302 415 3363 per
443 3304 537 3347 axem
565 3282 664 3367 plano
693 3287 820 3347 secatur
844 3288 877 3348 et
901 3282 965 3348 alio
990 3305 1116 3367 quoque

95 3386 197 3471 plano
222 3388 359 3468 secatur,
383 3386 468 3469 quod
492 3388 526 3451 id
549 3388 693 3472 planum,
716 3389 750 3463 in
774 3410 837 3472 quo
861 3392 911 3453 est
928 3388 1016 3453 basis
1037 3389 1118 3469 coni,

96 3493 273 3558 secundum
306 3495 430 3558 rectam
464 3498 551 3559 secat
584 3499 640 3559 aut
670 3495 711 3560 ad
738 3495 845 3559 basim
873 3494 1033 3579 trianguli
1061 3516 1118 3577 per
