2446 3916
418 184 634 237 cornocaun
651 149 814 240 nmsa'n.
1056 183 1120 247 261

101 332 169 392 AB
198 326 349 392 diametri
378 331 455 392 sunt
477 327 680 412 coniugatus.
726 331 759 392 et
782 330 843 391 ΓΘ
866 326 906 392 ad
930 328 1124 394 diametrum

104 432 281 499 secundam
314 432 463 498 ordinate
496 433 594 499 ducta
626 436 689 516 est,
721 433 898 498 sectionem
930 433 1123 519 contingens

103 543 215 608 autem
242 542 309 605 ΓΕ
334 561 408 604 oum
432 539 571 605 secunda
594 539 753 606 diametro
776 560 986 623 concurrens,
1013 540 1124 624 itaque
1148 556 1153 565 ·

103 646 145 732 [I,
167 647 225 728 38]
249 645 476 731 rectangulum
499 649 571 710 EX
579 659 622 713 ><
637 648 702 709 ΧΘ
730 645 866 728 aequale
892 649 942 709 est
965 645 1123 729 quadrato

103 752 256 818 dimidiae
294 750 452 817 secundae
489 750 659 836 diametri,
695 752 758 816 hoc
791 756 841 816 est
874 755 1006 835 quartae
1037 752 1125 837 parti

102 859 228 946 figurae
251 856 292 922 ad
314 861 380 922 AB
404 857 586 940 adplicatos
611 857 641 938 [I
667 857 729 922 def.
749 858 804 922 alt.
824 858 869 938 3].
915 861 948 921 et
970 859 1125 941 quoniam

104 969 171 1031 ΖΕ
196 965 343 1030 ordinate
371 963 469 1028 ducta
496 967 559 1048 ost,
587 967 622 1028 et
649 964 747 1029 ducta
774 967 825 1028 est
853 966 927 1049 ΖΘ,
952 967 1125 1048 propterea

104 1075 167 1135 ΖΘ
194 1071 371 1136 sectionem
398 1075 431 1133 A
458 1069 620 1154 contingit
644 1070 682 1154 [I,
706 1071 774 1151 38].
822 1070 934 1136 eadem
962 1069 1001 1134 de
1027 1091 1125 1135 causa

65 1175 69 1182 ’
103 1179 202 1242 etiam
225 1179 294 1241 ΗΘ
317 1177 495 1241 sectionem
518 1180 547 1239 B
571 1178 741 1262 contingit.
778 1199 857 1264 ergo
882 1181 951 1261 ΖΘ,
973 1179 1042 1240 ΘΗ
1057 1198 1125 1243 sec-

102 1285 212 1349 tiones
235 1288 281 1367 A,
304 1285 333 1347 B
358 1283 562 1368 contingunt.
668 1303 676 1317 ·

579 1476 662 1542 XLI.

173 1601 207 1668 Si
239 1603 274 1667 in
306 1602 466 1686 oppositis
500 1602 582 1668 duae
609 1612 717 1668 rectae
745 1603 832 1668 inter
859 1625 893 1668 se
921 1608 1032 1669 secant
1058 1626 1126 1670 non

102 1730 163 1794 per
186 1712 333 1773 centrum
357 1707 482 1792 ductae,
505 1709 541 1773 in
564 1710 659 1774 binas
682 1713 794 1794 partes
817 1711 967 1794 aequales
986 1710 1072 1775 inter
1091 1733 1126 1777 se

103 1836 172 1880 non
195 1820 317 1880 secant.

171 1921 239 1986 sint
265 1927 311 2004 A,
333 1925 362 1985 B
391 1921 551 1986 sectiones
579 1922 766 2006 oppositae,
793 1926 827 1987 et
853 1923 889 1986 in
917 1930 962 2008 A,
986 1927 1015 1987 B
1043 1926 1125 1990 duae

101 2031 212 2093 rectae
238 2029 314 2111 ΓΒ,
338 2032 410 2092 ΑΔ
436 2048 504 2092 non
530 2048 589 2111 per
617 2031 763 2093 centrum
792 2029 909 2094 ductae
931 2029 967 2093 in
989 2034 1022 2094 E
1041 2031 1126 2097 inter

104 2154 140 2198 se
168 2136 286 2199 secent
336 2133 422 2218 dico,
450 2154 505 2197 eas
533 2133 568 2197 in
596 2134 690 2198 binas
718 2139 828 2218 partes
857 2137 1009 2224 aequales
1038 2138 1125 2203 inter

103 2261 139 2305 se
162 2261 228 2304 non
252 2260 371 2304 secare.

170 2367 247 2411 nam
279 2347 307 2411 si
335 2346 406 2411 fieri
433 2348 556 2431 potest,
589 2350 714 2429 secent,
747 2353 895 2414 centrum
925 2355 1042 2415 autom.
1059 2371 1126 2415 seo·

101 2452 232 2518 tionum
259 2454 303 2518 sit
329 2457 373 2538 X,
400 2456 433 2517 et
460 2452 598 2518 ducatur
623 2457 703 2538 EX3
730 2459 801 2519 EX
820 2457 921 2540 igitur
948 2456 1126 2521 diametrus

552 2623 582 2670 A
637 2564 689 2624 est
705 2562 810 2645 [prop.
822 2560 1007 2644 xxxvm.
1031 2563 1125 2627 duca·

637 2670 691 2730 tur
709 2689 768 2751 per
786 2671 822 2731 X
839 2672 947 2732 rectae
965 2671 1032 2732 ΒΓ
1050 2691 1124 2752 par-

638 2773 735 2838 allelo
755 2763 836 2859 XZ,
854 2778 917 2838 XZ
936 2774 1036 2860 igitur
1057 2775 1124 2839 dia-

638 2884 761 2944 metrus
799 2885 849 2945 est
887 2885 919 2945 et
952 2903 1025 2947 cum
1057 2885 1131 2946 EX

639 2986 813 3072 coniugata
850 2986 966 3070 [ibid.].
1015 2989 1125 3073 itaque

639 3093 1007 3180 reetaianontingens
1017 3102 1126 3162 rectae

102 3202 174 3263 EX
199 3200 357 3283 parallela
388 3205 439 3265 est
472 3199 502 3281 [Ι
531 3198 591 3263 def.
616 3199 661 3280 6].
719 3199 786 3263 iam
815 3199 995 3266 eadem-de
1027 3223 1127 3266 causa

103 3305 202 3371 ducta
225 3309 294 3370 ΘΚ
313 3310 421 3372 rectae
445 3310 515 3370 ΑΔ
537 3305 695 3391 parallela
718 3311 806 3370 recta
829 3307 863 3370 in
883 3311 912 3371 Θ
930 3309 1124 3393 contingens

101 3415 212 3478 rectae
236 3417 306 3478 EX
323 3414 480 3498 parallela
504 3417 567 3500 est3
591 3435 690 3498 quare
714 3414 813 3478 etiam
836 3417 927 3478 recta
950 3413 984 3477 in
1004 3417 1031 3476 Z
1050 3434 1124 3478 con-

102 3519 236 3605 tingens
251 3523 357 3585 rectae
372 3520 407 3584 in
421 3525 450 3584 Θ
460 3521 663 3606 contingenti
673 3520 830 3605 parallelo
840 3524 891 3585 est
903 3519 1006 3599 [Eucl.
1017 3517 1042 3603 I,
1052 3519 1119 3598 301:
