2438 3892
120 138 186 205 292
520 130 744 206 mmm-

120 287 166 367 H,
189 281 245 348 καὶ
268 278 365 367 ἤχθω
389 275 446 345 ἀπ’
468 274 573 345 αὐτοῦ
597 277 650 345 ἐπὶ
673 274 735 362 τὴν
758 282 826 342 ΘΚ
846 274 992 355 κάθετος
1014 272 1034 362 ἡ
1056 279 1125 341 ΗΚ

121 387 191 456 ἐπεὶ
220 379 283 455 οὖν
311 393 366 471 ἴση
397 385 488 452 ἐστὶν
516 411 536 470 η
561 380 626 450 ὑπὸ
651 389 750 449 ΖΧΑ
772 384 812 470 τῇ
835 378 903 451 ὑπὸ
929 387 1046 467 ΛΘΚ,
1073 379 1126 448 εἰσὶ

121 494 159 563 δὲ
186 492 242 561 καὶ
272 495 310 560 αἱ
329 489 413 581 πρὸς
434 503 505 569 τοῖς
528 498 575 574 Α,
599 495 634 557 Κ
655 492 776 574 γωνίαι
800 485 919 575 ὀρθαί,
948 492 1040 556 ἔστιν
1062 484 1125 574 ἄρα,

122 598 168 679 ὥς
190 597 211 685 ἡ
233 606 300 667 ΧΑ
322 597 407 685 πρὸς
425 604 500 682 ΑΖ,
524 592 544 682 ἡ
565 600 634 662 ΘΚ
654 593 738 682 πρὲς
757 598 833 661 ΚΛ.
870 589 892 679 ἡ
917 592 955 661 δὲ
973 600 1042 661 ΘΚ
1057 616 1128 678 προς

84 721 100 770 5
121 713 155 774 Κ
160 712 192 773 Λ
212 711 346 792 μείζονα
365 702 469 789 λόγον
489 707 555 789 ἔχει
574 699 658 790 ἤπερ
672 699 756 788 πρὸς
769 699 832 786 τὴν
846 705 934 766 ΗΚ·
967 700 1024 767 καὶ
1038 697 1058 787 ἡ
1072 706 1127 766 ΧΑ

120 809 203 900 πρὸς
227 819 294 878 ΑΖ
324 809 389 897 ἄρα
418 813 552 896 μείζονα
577 807 684 893 λόγον
712 812 778 894 ἔχει
806 804 890 894 ἥπερ
919 833 940 892 η
964 811 1034 874 ΘΚ
1057 802 1127 890 πρὸς

121 924 202 986 ΚΗ.
245 915 330 986 ὥστε
353 915 409 983 καὶ
431 914 469 984 τὸ
494 912 558 982 ἀπὸ
578 921 646 981 ΧΑ
668 911 752 1001 πρὸς
774 911 812 981 τὸ
836 911 902 980 ἀπὸ
922 918 988 979 ΑΖ
1008 917 1126 999 pazova

121 1022 225 1108 λόγον
254 1028 320 1109 ἔχει
347 1020 431 1108 ἥπερ
458 1021 495 1088 τὸ
525 1019 589 1087 ἀπὸ
615 1026 682 1087 ΘΚ
711 1017 794 1105 πρὸς
815 1018 854 1085 τὸ
878 1015 945 1085 ἀπὸ
970 1025 1050 1089 ΚΗ.
1091 1016 1128 1096 ὡς

123 1129 159 1197 δὲ
183 1126 221 1196 τὸ
246 1127 312 1196 ἀπὸ
332 1117 400 1195 ΧἈ
422 1125 507 1212 πρὸς
529 1125 567 1193 τὸ
592 1123 657 1194 ἀπὸ
677 1133 757 1211 ΑΖ,
780 1123 801 1212 ἡ
825 1131 949 1210 πλαγία
972 1123 1056 1209 πρὸς
1074 1126 1127 1209 τὴν

72 1250 104 1298 10
125 1233 264 1324 ὀρθίαν·
306 1233 361 1300 καὶ
385 1230 405 1318 ἡ
429 1238 553 1319 πλαγία
576 1231 642 1316 ἄρα
664 1229 748 1318 πρὸς
770 1228 832 1318 τὴν
856 1231 984 1318 ὀρθίαν
1007 1236 1127 1318 μείζονα

122 1341 226 1428 λόγον
255 1345 321 1427 ἔχει
349 1338 433 1426 ἤπερ
456 1338 494 1407 τὸ
519 1337 585 1406 ἀπὸ
610 1344 677 1406 ΘΚ
697 1337 780 1427 πρὸς
802 1362 840 1404 το
864 1335 930 1405 ἀπὸ
953 1342 1035 1405 ΚΗ.
1078 1334 1127 1405 ἐὰν

124 1449 166 1533 δὴ
186 1444 391 1533 ποιήσωμεν,
411 1443 455 1526 ὡς
473 1443 511 1514 τὸ
530 1443 596 1513 ἀπὸ
612 1452 680 1512 ΧΑ
696 1444 781 1532 πρὸς
797 1442 835 1512 τὸ
856 1441 921 1511 ἀπὸ
936 1451 1018 1528 ΑΖ,
1038 1440 1127 1521 οὕτως

123 1552 205 1620 ἄλλο
229 1579 261 1620 τι
283 1551 366 1640 πρὸς
389 1553 426 1620 τὸ
451 1549 517 1621 ἀπὸ
536 1557 623 1640 ΚΗ,
645 1556 756 1638 μεῖζον
780 1554 872 1617 ἔσται
894 1554 957 1617 τοῦ
980 1547 1046 1617 ἀπὸ
1065 1554 1127 1616 ΘΚ.

124 1663 207 1727 ἔστω
241 1661 279 1727 τὸ
314 1657 380 1727 ὑπὸ
410 1664 490 1726 ΜΚ
494 1665 534 1725 Θ·
585 1658 640 1725 καὶ
669 1656 854 1743 ἐπεζεύχθω
883 1653 904 1742 ἡ
932 1661 1022 1725 HM.
1070 1653 1128 1723 ἐπεὶ

73 1780 106 1830 15
126 1756 189 1832 οὖν
214 1763 327 1851 μεῖζόν
353 1763 481 1832 ἔστιτὸ
507 1761 571 1832 ἀπὸ
597 1771 676 1831 ΜΚ
697 1766 757 1831 τοῦ
780 1760 845 1830 ὑπὸ
865 1768 992 1848 ΜΚΘ,
1015 1760 1052 1830 τὸ
1075 1762 1128 1849 ἄρα

124 1867 191 1937 ἀπὸ
220 1876 297 1935 ΜΚ
322 1867 406 1958 πρὸς
432 1896 470 1937 το
494 1867 562 1937 dud
586 1876 666 1937 KH
683 1875 817 1956 μείζονα
840 1869 945 1954 λόγον
970 1874 1036 1956 ἔχει
1058 1867 1128 1954 ἥπερ

124 1975 162 2041 τὸ
186 1971 253 2041 ὑπὸ
274 1980 384 2042 ΜΚΘ
406 1975 491 2062 πρὸς
509 1974 546 2043 τὸ
566 1973 632 2044 ἀπὸ
648 1982 740 2067 ΚΗ,
764 1977 914 2044 τουτέστι
930 1977 970 2044 τὸ
991 1974 1055 2044 ἀπὸ
1075 1981 1130 2043 ΚΑ

124 2080 210 2167 πρὸς
236 2079 273 2148 τὸ
303 2077 368 2148 ἀπὸ
398 2088 472 2149 ΑΖ.
523 2083 579 2149 καὶ
608 2081 667 2150 ἐὰν
696 2082 904 2169 ποιήσωμεν,
938 2079 984 2161 ὡς
1010 2079 1048 2151 τὸ
1075 2079 1129 2147 ἀπὸ

126 2191 206 2252 ΜΚ
225 2184 307 2272 πρὸς
330 2187 368 2254 τὸ
393 2185 458 2254 ἀπὸ
482 2194 566 2272 ΚΗ,
592 2186 698 2267 οὕτως
720 2188 758 2257 τὸ
783 2186 848 2256 ἀπὸ
871 2197 935 2256 ΚΑ
958 2187 1042 2274 πρὸς
1060 2185 1129 2253 ἄλλο

72 2310 105 2359 20
124 2319 166 2379 τι,
191 2297 283 2360 ἔσται
305 2292 390 2380 πρὸς
414 2298 551 2362 ἔλαττον
574 2299 636 2363 τοῦ
659 2292 725 2362 ἀπὸ
745 2303 823 2361 AZ·
866 2295 920 2362 καὶ
945 2292 966 2380 ἡ
991 2293 1130 2362 ἀπὸτοῦ

127 2408 161 2468 X
181 2401 234 2468 ἐπὶ
257 2400 295 2468 τὸ
315 2399 449 2487 ληφθὲν
468 2414 606 2488 σημεῖον
627 2403 886 2487 ἐπιζευγνυμένη
907 2399 1026 2468 εὐθεῖα
1045 2401 1131 2487 ὅμοια

125 2507 258 2593 ποιήσει
291 2509 332 2576 τὰ
361 2513 525 2594 τρίγωνα,
557 2509 612 2575 καὶ
642 2505 698 2575 διὰ
726 2511 825 2575 τοῦτο
854 2513 975 2593 μείζων
1003 2508 1092 2575 ἐστὶν
1116 2501 1131 2588 ἡ

126 2613 192 2682 ὑπὸ
214 2622 314 2683 ΖΧΑ
336 2620 395 2702 τῆς
417 2613 482 2682 ὑπὸ
503 2620 628 2682 ΗΜΚ.
666 2619 791 2681 κείσθω
817 2611 859 2698 δὴ
883 2617 924 2701 τῇ
942 2611 1008 2681 ὑπὸ
1029 2614 1134 2680 ΗΜΚ

127 2727 183 2805 ἴση
207 2718 228 2805 ἡ
253 2719 318 2789 ὑπο
348 2726 455 2788 ΑΧΓ·
502 2718 522 2806 ἡ
548 2718 613 2806 ἄρα
637 2725 707 2786 ΧΓ
724 2733 815 2807 τεμεῖ
834 2717 897 2805 τὴν
921 2719 1037 2806 τομήν.
1073 2745 1132 2803 τεμ-

73 2837 107 2885 25
127 2827 211 2890 νέτω
244 2825 327 2892 κατὰ
360 2826 397 2893 τὸ
432 2833 475 2912 Γ,
507 2827 563 2894 καὶ
596 2824 661 2894 ἀπὸ
694 2830 756 2893 τοῦ
783 2832 815 2893 Γ
843 2826 1056 2912 ἐφαπτομένη
1087 2835 1134 2909 τῆς

125 2940 230 3014 τομῆς
253 2928 349 3016 ἤχθω
373 2930 393 3017 ἡ
419 2938 495 3016 ΓΛ,
523 2933 579 3000 καὶ
602 2933 745 3011 κάθετος
767 2929 787 3019 ἡ
812 2937 887 2999 ΓΕ·
936 2929 1057 3018 ὅμοιον
1080 2930 1135 3017 ἄρα

128 3033 197 3099 ἐστὶ
220 3031 257 3099 τὸ
283 3039 383 3101 ΓΧΕ
403 3043 571 3123 τρίγωνον
594 3042 639 3126 τῷ
659 3044 784 3104 ΗΜΚ.
821 3042 912 3104 ἔστιν
937 3035 1014 3125 ἄρα,
1039 3036 1083 3118 ὡς
1103 3034 1134 3103 τὸ

127 3135 194 3205 ἀπὸ
220 3145 287 3204 ΚΕ
307 3140 390 3226 πρὸς
413 3140 451 3209 τὸ
474 3139 538 3210 ἆτο
560 3150 636 3229 ΕΓ,
660 3146 692 3211 τί
724 3143 788 3212 ἀπὸ
808 3150 887 3210 ΜΚ
907 3142 994 3232 πρὸς
1016 3171 1053 3212 το
1079 3140 1136 3211 ἀπὸ

201 3339 241 3387 15.
262 3333 325 3404 τοῦ]
346 3352 394 3404 pc,
414 3353 484 3390 corr.
499 3354 534 3390 ex
553 3335 584 3391 τό
604 3340 717 3393 m.1V.
770 3346 812 3394 20.
831 3340 893 3410 AZ]
915 3355 937 3404 ο,
957 3339 1074 3394 AZuel
1092 3344 1138 3392 ΑΔ

128 3406 235 3533 §ittera
256 3407 276 3457 Z
296 3405 424 3474 obseura)
443 3406 481 3473 Κ,
500 3412 554 3460 ΑΔ
573 3426 622 3477 vp.
693 3416 735 3464 26.
756 3405 840 3480 ὅμοια
860 3426 897 3464 cv
917 3414 953 3474 et,
973 3414 1006 3464 ut
1025 3411 1138 3473 uidetur,

159 3495 255 3547 300rr.
274 3494 301 3545 p.
