2438 3892
525 150 694 205 ΚΩΝΙΚΩΝ
711 144 749 218 γ’.

614 364 653 432 ε’.

189 523 267 593 Ἐὰν
299 529 368 593 τών
396 521 637 610 ἀντικειμένων
667 519 730 589 δύο
760 519 892 589 εὐθελαι
920 518 1129 601 ἐπιψαύουσαι

128 637 355 719 συμπίπτωσι,
382 630 438 698 καὶ
461 638 580 720 ληφθῇ
604 627 657 716 ἐφ’
680 625 841 715 ὁποτέρας
863 630 933 696 τών
955 623 1067 716 τομῶν
1088 646 1131 713 ση·

127 739 223 827 μεῖόν
251 763 298 823 τι,
326 736 381 806 καὶ
409 734 465 804 ἀπ’
492 734 597 805 αὐτοῦ
621 732 753 823 νἰχθώσι
777 733 840 803 δύο
866 732 1013 820 εὐθεῖαι,
1040 733 1060 821 ή
1083 734 1131 822 μὲν

91 844 216 933 ὀπαρὰ
248 841 311 931 τήν
341 844 591 930 ἐφαπτομένην,
623 840 644 929 ή
678 842 715 911 δέ
746 840 836 930 παρὰ
869 839 934 926 τήν
966 841 1027 921 τὰς
1058 840 1132 928 ἆφήις

128 950 428 1038 ἐπιζευγνύουσαν,
461 954 498 1019 τὸ
532 948 714 1036 γινόμενον
746 945 804 1017 ὑπ’
835 945 952 1016 αὐτῶν
978 954 1132 1035 τρίγωνον

127 1060 211 1144 πρὸς
241 1061 282 1145 τή
314 1055 371 1124 διὰ
398 1058 457 1143 τής
484 1054 707 1142 συμπτώσεως
734 1052 862 1144 ήγμένη
891 1057 1060 1146 διαμέτρῳ
1084 1055 1134 1123 τοῦ

126 1159 456 1250 ἆπολαμβανομέυου
486 1160 656 1250 τριγώνου
682 1164 766 1250 πρὸς
791 1164 831 1250 τή
860 1161 1053 1248 σνμπτώσει
1078 1165 1140 1229 τών

128 1271 368 1358 ἐφαπτομένων
396 1271 553 1357 διαφέρει
579 1273 625 1362 τῷ
654 1267 966 1360 ἆπολαμβανομέυῳ
995 1266 1135 1358 τριγώνῳ

129 1484 304 1576 διαμέτρῳ.

195 1613 348 1677 ἔστωσαν
373 1607 599 1695 ἀντικείμεναι
623 1611 660 1675 αἱ
680 1617 728 1694 Α,
747 1615 787 1695 Β,
810 1598 859 1676 ὧν
881 1607 1027 1693 κέντρον
1049 1611 1084 1675 τὸ
1104 1610 1137 1690 Γ,

127 1717 183 1782 καὶ
207 1714 435 1803 ἐφαπτόμεναι
459 1718 496 1782 αἱ
515 1723 599 1801 ΕΔ,
618 1723 684 1783 ΔΖ
708 1715 989 1804 συμπιπτέτωσαν
1008 1714 1136 1782 κατὰτὸ

129 1829 176 1907 Δ,
209 1822 265 1889 καὶ
289 1821 476 1910 ἐπεζεύχθω
499 1822 521 1909 ή
546 1829 608 1890 ΕΖ
631 1822 687 1891 καὶ
710 1819 731 1909 ή
755 1828 818 1890 ΓΔ
839 1821 896 1889 καὶ
920 1821 1137 1910 ἐκβεβλήσθω,

76 1939 110 1987 15
128 1928 184 1994 καὶ
218 1930 255 1994 αἱ
282 1933 357 2015 ΖΓ,
385 1934 453 1996 ΕΓ
481 1930 727 2015 ἐπιζευχθεῖσαι
759 1925 1060 2017 ἐκβεβλήσθωσαν,
1090 1929 1137 1996 καὶ

127 2031 282 2121 εἰλήφθω
302 2061 333 2102 τι
353 2046 492 2122 σημεῖον
512 2035 565 2102 ἐπὶ
584 2040 643 2123 τής
661 2039 764 2123 τομής
781 2038 818 2103 τὸ
837 2042 883 2121 Η,
901 2035 958 2102 καὶ
979 2034 1025 2104 δι’
1042 2033 1138 2105 αὐτοῦ

126 2141 222 2229 ήχθω
246 2140 336 2230 παρὰ
360 2140 422 2228 μέν
445 2141 509 2228 τήν
528 2149 590 2210 ΕΖ
610 2140 630 2230 ή
650 2149 808 2229 (MIRA,
831 2142 920 2230 παρὰ
943 2142 981 2210 δέ
1000 2143 1062 2229 τήν
1081 2149 1136 2210 ΛΖ

127 2246 146 2335 ή
167 2256 251 2318 ΗΜ.
288 2251 386 2337 λέγω,
411 2247 463 2317 ὅτι
486 2253 523 2318 τὸ
543 2256 661 2317 ΗΘΜ
677 2256 844 2337 τρίγωνον
867 2254 929 2316 τοῦ
949 2256 1054 2317 ΚΘΛ
1077 2255 1135 2317 δια-

128 2359 222 2446 φέρει
245 2361 290 2449 τῳ
315 2364 426 2426 ΚΛΖ.

73 2492 108 2541 20
195 2484 265 2552 ἐπεὶ
293 2482 357 2571 γὰρ
388 2486 552 2551 δέδεικται
580 2480 601 2569 ή
625 2488 688 2549 ΓΛ
717 2481 893 2569 διάμετρος
914 2487 983 2551 τών
1008 2481 1134 2552 ἀντικει-

127 2592 252 2678 μένων,
272 2589 292 2678 ή
314 2591 351 2659 δέ
370 2598 432 2658 ΕΖ
451 2590 658 2677 τεταγμένως
678 2587 729 2657 ἐπ’
746 2587 854 2677 αὐτήν
872 2592 1074 2678 κατηγμένη,
1092 2587 1136 2657 καὶ

127 2696 147 2778 ἡ
174 2699 236 2783 μὲν
259 2706 328 2766 ΗΘ
355 2698 444 2784 παρὰ
469 2696 530 2785 τήν
554 2704 631 2782 ΕΖ,
659 2697 680 2782 ή
706 2696 743 2764 δέ
766 2704 851 2764 ΜΗ
866 2695 956 2785 παρὰ
979 2696 1042 2784 τήν
1067 2703 1135 2778 ΔΖ,

125 2806 163 2867 τὸ
188 2801 254 2887 ἄρα
274 2812 386 2873 ΜΗΘ
408 2810 575 2891 τρίγωνον
599 2805 660 2870 τοῦ
680 2809 780 2871 PM)
801 2802 970 2889 τριγώνου
995 2805 1136 2892 διαφέρει

125 2909 184 2995 τῷν
196 2913 306 2976 ΓΔΖ.
351 2909 435 2979 ώστε
463 2916 500 2979 τὸ
525 2916 636 2978 ΜΗΘ
663 2915 725 2977 τοῦ
750 2917 853 2977 ΚΘΛ
880 2909 1052 2997 τριγώνου
1077 2915 1136 2979 δια-

73 3018 106 3067 25
126 3015 221 3094 φέρει
244 3018 290 3103 τῳ
315 3023 350 3081 Κ
356 3023 428 3085 ΖΛ.

193 3135 248 3200 καὶ
272 3141 438 3226 φανερόν,
463 3137 515 3208 ὅτι
539 3150 614 3208 ἴσον
639 3146 766 3228 γίνεται
789 3145 826 3208 τὸ
851 3147 885 3207 Κ
890 3147 956 3207 ΖΛ
979 3147 1137 3228 τρίγωνον

125 3245 170 3332 τῷ
197 3247 353 3308 ΜΗΚΔ
375 3247 617 3338 τετραπλεύρῳ.

198 3516 222 3564 3.
243 3511 430 3582 συμπίπτουσι
450 3511 488 3577 V;
509 3528 578 3567 corr.
593 3529 670 3581 ρο·
709 3520 751 3568 17.
773 3513 902 3583 ΘΗΚΛ]
921 3512 959 3580 V;
980 3517 1099 3569 ΗΘΚΛ
1116 3531 1139 3582 p.
