2438 3892
158 149 224 216 184
552 150 720 206 ΚΩΝΙΚΩΝ
737 148 779 209 α’.

157 297 235 378 ΚΘ,
255 297 333 359 ΘΜ
354 293 537 379 γεγράφθω
561 296 720 379 ἔλλειψις,
743 283 782 379 ἧς
804 290 984 379 διάμετρος
1005 287 1167 378 πλαγίαῆ

157 403 238 485 ΚΘ,
262 395 365 486 ὀρθία
389 397 427 466 δὲ
448 400 509 472 τοῦ
533 401 646 478 εἴδους
667 395 795 486 πλευρὰ
817 395 838 484 ἡ
864 403 952 483 ΘΜ,
982 399 1020 466 αί
1042 397 1082 467 δὲ
1102 422 1169 467 κατ·

105 494 111 503 ’
157 506 320 593 αγόμεναι
344 504 398 573 ἐπὶ
419 504 481 590 τὴν
500 509 569 571 ΘΚ
589 506 626 573 έν
651 501 740 594 ὀρθῇ
763 509 871 594 γωνία
888 502 1169 591 καταχθήσονται·

157 608 227 698 ἥξει
250 609 292 699 δὴ
314 608 335 698 ἡ
360 609 444 698 τομὴ
469 609 525 677 διὰ
549 613 612 678 τοῦ
634 618 667 679 Α
690 608 807 678 διὰτὸ
832 618 910 679 ἴσον
932 607 1021 679 εἶναι
1045 609 1084 680 τὸ
1108 608 1168 678 ἀπὸ

122 724 224 789 σΖΑ
254 720 301 808 τῷ
334 713 400 785 ὑπὸ
429 722 536 785 ΘΖΛ.
591 716 648 784 καὶ
675 716 746 785 ἐπεὶ
773 725 829 802 ίση
857 717 948 786 ἐστίν
976 713 998 804 ἡ
1026 716 1091 805 μέν
1112 722 1170 786 ΘΕ

156 826 196 911 τῇ
216 828 292 909 ΕΚ,
315 820 336 909 ἡ
357 821 395 890 δέ
412 829 481 888 ΑΕ
501 824 540 910 τῇ
560 828 635 909 ΕΒ,
657 820 728 910 ἥξει
750 823 807 891 καὶ
828 822 885 891 διὰ
904 826 1014 892 τοῦΒ
1039 819 1168 911 ἡτομή,

159 930 215 997 καὶ
244 934 334 997 ἔσται
361 929 502 1016 κέντρον
529 927 591 1014 μὲν
614 926 652 997 τὸ
676 936 720 1015 Ε,
754 927 929 1017 διάμετρος
957 929 995 998 δέ
1018 926 1040 1016 ἡ
1065 934 1168 998 ΑΕΒ.

156 1035 213 1102 καί
236 1034 399 1121 ἐφάψεται
425 1045 483 1121 τῆς
505 1045 609 1121 τομῆς
636 1033 657 1121 ἡ
682 1043 752 1103 ΔΑ
780 1034 836 1104 διὰ
862 1038 901 1104 τὸ
924 1044 1001 1104 ίσον
1025 1032 1168 1104 εἶναιτὸ

157 1137 224 1208 ὑπὸ
249 1148 353 1208 ΔΕΖ
384 1143 430 1231 τῷ
459 1136 526 1209 ἀπὸ
554 1148 625 1209 ΕΘ.
679 1142 736 1210 καὶ
762 1143 836 1211 έπεί
859 1144 966 1228 ἐστιν,
999 1138 1048 1221 ὥς
1069 1141 1090 1228 ἡ
1113 1146 1168 1209 ΓΑ

105 1271 139 1322 10
157 1246 241 1333 πρὸς
259 1254 336 1333 ΑΒ,
359 1245 397 1316 τὸ
417 1244 482 1315 ἀπὸ
502 1253 574 1314 ΖΗ
592 1245 675 1334 πρὸς
693 1247 730 1316 τὸ
750 1245 816 1317 ὑπὸ
834 1256 952 1334 ΑΗΕ,
976 1244 1051 1316 ἀλλ’
1072 1244 1170 1335 ἡμὲν

157 1358 219 1420 ΓΑ
240 1351 324 1442 πρὸς
346 1361 411 1422 ΑΒ
434 1354 495 1421 τὸν
520 1359 739 1440 συγκείμενον
762 1359 828 1441 ἔχει
851 1354 955 1441 λόγον
980 1355 1017 1422 ἐκ
1039 1357 1101 1423 τοῦ
1118 1364 1171 1439 τῆς

159 1464 219 1528 ΓΑ
242 1460 327 1547 πρὸς
344 1459 406 1546 τὴν
426 1462 605 1528 διπλασίαν
623 1470 682 1546 τῆς
695 1467 729 1526 Δ
734 1469 765 1526 Α
782 1459 838 1527 καὶ
852 1463 914 1529 τοῦ
925 1470 985 1546 τῆς
998 1463 1172 1539 διπλασίας

157 1575 216 1652 τῆς
238 1573 310 1633 ΑΔ
336 1565 420 1655 πρὸς
442 1562 504 1653 τὴν
528 1572 609 1652 AB,
637 1567 787 1635 τουτέστι
811 1577 869 1652 τῆς
892 1573 962 1633 ΔΑ
990 1564 1075 1652 πρὸς
1099 1573 1172 1651 ΑΕ,

157 1670 196 1741 τδ
221 1671 259 1741 δέ
285 1668 350 1739 ιἰπδ
373 1678 445 1738 ΖΗ
466 1670 550 1759 πρὸς
577 1670 615 1739 τὸ
643 1669 709 1739 ὑπὸ
733 1677 842 1738 ΑΗΕ
865 1670 926 1740 τὸν
954 1677 1173 1760 συγκείμενον

105 1802 138 1852 15
158 1783 225 1864 ἔχει
247 1777 351 1864 λόγου
375 1779 411 1845 ἐκ
433 1780 494 1845 τοῦ
514 1787 572 1863 τῆς
590 1783 660 1845 ΖΗ
679 1775 764 1864 πρὸς
782 1784 854 1845 ΗΕ
875 1777 1010 1846 καὶτοῦ
1029 1789 1088 1865 τῆς
1110 1784 1178 1846 ΖΗ

157 1881 241 1971 πρὸς
264 1890 352 1967 ΗΑ,
386 1879 404 1950 ὁ
433 1880 498 1970 ἄρα
526 1888 741 1969 συγκείμενος
764 1884 863 1969 λόγος
890 1884 927 1951 έκ
948 1887 1011 1953 τοῦ
1033 1895 1094 1972 τῆς
1118 1889 1176 1953 ΓΑ

157 1985 242 2076 πρὸς
263 1986 326 2076 τὴν
351 1991 530 2056 διπλασίαν
558 1999 617 2074 τῆς
632 1998 711 2057 ἈΔ
741 1990 796 2058 καλ
824 1993 885 2059 τοῦ
911 2000 970 2077 τῆς
994 1998 1065 2058 ΔΑ
1092 1990 1178 2079 πρὸς

158 2102 228 2162 ΑΕ
259 2092 277 2163 ὁ
310 2092 412 2174 αὐτός
443 2095 512 2162 ἐστι
543 2098 588 2185 τῷ
622 2101 828 2187 συγκειμένῳ
862 2097 898 2164 έκ
929 2101 990 2164 τοῦ
1022 2107 1082 2183 τῆς
1111 2103 1181 2166 ΖΗ

157 2199 241 2290 πρὸς
260 2208 332 2269 ΗΕ
351 2201 491 2270 καὶτοῦ
513 2212 571 2288 τῆς
590 2209 659 2270 ΖΗ
678 2201 761 2288 πρὸς
779 2209 858 2271 ΗΑ.
899 2200 973 2271 ἄλλ’
995 2199 1042 2282 ὥς
1064 2200 1087 2288 ἡ
1108 2211 1178 2271 ΔΑ

105 2334 139 2383 20
159 2306 242 2398 πρὸς
260 2316 340 2395 ΑΕ,
364 2305 384 2395 ἡ
405 2315 477 2376 ΖΗ
494 2308 578 2394 πρὸς
596 2315 679 2376 ΗΕ·
709 2308 764 2376 καὶ
787 2312 907 2376 κοινοῦ
930 2307 1178 2397 ἀφαιρεθέντος

158 2415 281 2485 τούτου
304 2425 365 2484 τοῦ
389 2413 494 2501 λόγου
518 2419 608 2482 έσται
627 2411 672 2493 ὡς
690 2412 711 2500 ἡ
727 2420 787 2482 ΓΑ
810 2413 893 2503 πρὸς
911 2413 974 2501 τὴν
994 2418 1178 2485 διπλασίαν

64 2551 67 2555 ·
158 2534 217 2610 τῆς
234 2530 316 2607 ΑΔ,
340 2519 360 2608 ἡ
380 2528 452 2589 ΖΗ
465 2519 549 2609 πρὸς
567 2527 650 2604 ΗΑ,
672 2521 844 2588 τουτέστιν
864 2517 885 2606 ἡ
905 2522 970 2597 ΞΑ
992 2519 1077 2608 πρὸς
1097 2530 1179 2591 ΑΝ.

160 2629 242 2697 ὅταν
263 2627 301 2695 δὲ
317 2636 417 2695 τοῦτο
436 2619 470 2715 ᾖ,
489 2623 593 2712 ὀρθία
610 2627 671 2694 τοῦ
690 2629 802 2705 είδους
819 2624 946 2713 πλευρά
962 2625 1089 2713 ἐστινὴ
1105 2635 1179 2697 ΑΓ.

632 2785 702 2853 νθ’.

105 2912 140 2962 25
226 2891 302 2957 Δύο
327 2895 497 2960 δοθεισῶν
521 2888 665 2960 εὐθειῶν
687 2889 771 2977 πρὸς
800 2888 908 2977 ὀρθὰς
935 2888 1097 2978 ἀλλήλαις
1125 2918 1178 2960 πε-

160 2995 378 3083 περασμένων
393 2995 505 3086 εὑρεῖν
516 2996 755 3086 ἀντικειμένας,
774 2989 822 3065 οδυ
838 2997 1015 3087 διάμετρός
1029 3001 1100 3067 ἐστι
1120 3006 1178 3086 μία

158 3105 227 3170 τῶν
260 3104 430 3169 δοθεισῶν
462 3100 622 3190 εὐθειῶν,
653 3101 787 3192 κορυφὴ
820 3103 857 3171 δέ
888 3102 929 3171 τδι
962 3106 1089 3194 πέρατα
1121 3117 1178 3192 τῆς

160 3206 305 3291 εὐθείας,
329 3209 366 3273 αί
388 3207 425 3275 δέ
447 3208 671 3296 καταγόμενοι
694 3212 731 3278 έν
755 3209 891 3301 ἑκατέρα
913 3213 982 3278 τῶν
1004 3216 1121 3298 τομῶν
1141 3215 1178 3280 έν

233 3355 275 3404 18.
296 3349 367 3419 ΖΗ]
388 3365 437 3418 pc,
461 3353 481 3401 Z
501 3365 516 3402 e
536 3367 604 3407 corr.
624 3370 660 3409 m.
681 3358 694 3405 1
715 3352 748 3408 V.
805 3359 847 3409 20.
867 3352 915 3407 καλ
934 3352 1046 3423 κοινοῦ]
1065 3371 1099 3423 p,
1119 3373 1177 3407 κοι-

160 3424 213 3478 νοῦ
229 3423 261 3490 V,
289 3420 387 3475 κοινοῦ
411 3415 468 3490 ἄρα
493 3420 599 3477 Comm.
689 3429 732 3478 24.
753 3420 819 3496 νθ’]
839 3443 866 3494 p,
893 3421 1041 3490 Eutocius3
1070 3439 1126 3479 om.
1142 3423 1177 3479 V.

197 3501 240 3550 27.
260 3493 388 3564 κορυφαί
403 3510 430 3562 p.
