2446 3916
409 182 624 235 comooauu
642 183 751 234 amna
770 183 819 235 ΠΙ.
1051 181 1120 250 ,327

598 360 638 427 V.

173 465 208 532 si
245 467 327 532 duae
364 470 472 531 rectae
510 467 678 551 oppositas
712 467 937 553 contingentes
971 468 1057 533 inter
1089 491 1124 535 se

103 577 315 656 concurrunt,
349 576 381 638 et
409 572 443 636 in
470 576 609 657 utraque
638 575 780 640 sectione
807 578 964 660 punctum
993 575 1123 660 aliquod

105 681 259 765 sumitur,
287 681 328 745 ab
358 701 460 764 eoque
488 680 570 745 duae
598 684 704 746 rectae
732 680 893 746 ducuntur
921 681 1024 748 altera
1049 703 1123 747 oon-

102 788 245 874 tingeuti
285 787 460 872 parallelo,
502 787 605 852 altera
645 791 753 852 rectae
793 791 915 871 puncta
953 791 1123 854 contactus

102 893 316 979 coniungenti
333 893 500 979 parallele,
526 894 710 978 triangulus
734 895 775 959 ab
798 894 839 960 iis
863 894 904 960 ad
927 894 1123 960 diametrum

101 1021 162 1085 per
192 1004 350 1085 punctum
383 1022 557 1066 concursus
590 1002 720 1066 ductam
748 1001 881 1066 effectus
910 1023 929 1066 a
956 1001 1122 1086 triangulo

102 1107 146 1172 ad
176 1109 333 1191 punctum
366 1091 541 1172 concursus
570 1107 829 1192 contingentium
857 1106 985 1173 absciso
1015 1107 1123 1174 differt

101 1213 268 1298 triangulo
288 1213 328 1279 ad
348 1214 590 1297 contingentem
611 1214 871 1297 diametrumquc
889 1235 948 1299 per
966 1219 1123 1299 punctum

102 1321 274 1384 contactus
298 1319 429 1382 ductam
454 1318 590 1385 absciso.

172 1427 240 1491 sint
266 1427 436 1510 oppositae
462 1431 509 1509 A,
536 1430 578 1510 B,
607 1447 745 1511 quarum
772 1429 919 1491 centrum
947 1427 991 1493 sit
1019 1430 1059 1508 Γ,
1090 1430 1123 1494 et

102 1533 331 1619 contingentes
360 1537 440 1615 EA,
468 1536 502 1595 A
508 1536 535 1596 Z
562 1532 597 1596 in
626 1537 659 1596 A
686 1536 892 1616 concurrant,
923 1534 1121 1618 duceturque

101 1639 169 1706 ΕΖ
192 1643 225 1704 et
248 1641 322 1719 ΓΔ,
345 1660 427 1724 quae
450 1639 655 1723 producatur,
678 1642 712 1703 et
736 1641 804 1722 ΖΓ,
824 1643 891 1705 ΕΓ
910 1639 1024 1705 ductae
1046 1663 1120 1725 pro·

103 2448 275 2527 ducantur,
313 2453 522 2535 sumaturque
554 2451 589 2516 in
623 2452 765 2518 sectione
798 2455 955 2537 punctum
988 2450 1120 2536 aliquod

101 2558 151 2639 H,
170 2557 215 2642 *et
240 2576 299 2639 per
326 2555 360 2621 id
387 2555 523 2622 ducatur
551 2561 661 2623 ΘΗΚ
666 2562 696 2622 Λ
724 2560 830 2623 rectae
859 2561 923 2621 ΕΖ
948 2556 1120 2641 parallelo,

104 2665 191 2726 HM
208 2665 316 2727 antem
339 2665 445 2727 rectae
469 2668 536 2728 ΔΖ
558 2664 728 2747 parallelo.
774 2663 858 2747 dico,
883 2683 953 2727 esse

375 2772 544 2834 HaM=
561 2773 666 2833 ΚΘΔ
681 2772 721 2851 -l-
738 2772 849 2834 ΚΛΖ.

171 2875 323 2961 quoniam
348 2876 433 2940 enim
457 2876 751 2941 demonstrauimus
773 2875 829 2961 [11,
847 2875 890 2942 39
911 2879 943 2940 et
961 2874 1029 2960 38],
1054 2878 1121 2941 ΓΔ

101 2983 295 3047 diametrum
319 3002 389 3046 esse
414 2981 645 3066 oppositarum,
672 2985 704 3047 et
729 2985 789 3046 ΕΖ
814 2981 854 3046 ad
878 3003 949 3048 eam
973 2983 1119 3049 ordinate

102 3087 199 3154 dueta
227 3092 290 3169 est,
321 3092 354 3153 et
381 3092 448 3153 ΗΘ
476 3092 582 3154 rectae
610 3093 673 3153 ΕΖ
700 3090 871 3174 parallelo,
901 3093 985 3155 MH
1009 3095 1120 3157 autem

101 3198 208 3260 rectae
230 3200 298 3260 ΔΖ
320 3195 491 3281 parallela,
515 3195 576 3259 erit
599 3194 643 3280 [I,
666 3195 725 3277 45]

377 3304 492 3365 ΜΗΘ
508 3332 548 3354 --
564 3305 662 3367 ΓΛΘ
679 3304 718 3384 -Ι-
736 3304 843 3368 ΓΔΖ.

100 3428 179 3493 ergo
204 3411 316 3472 ΜΗΘ
331 3438 372 3460 =
388 3411 493 3473 ΚΘΔ
509 3412 549 3491 -l-
565 3412 599 3473 Κ
604 3412 677 3473 ΖΛ.

169 3516 202 3578 et
224 3513 435 3579 manifestum
460 3518 518 3600 est,
543 3536 612 3580 esse
636 3518 672 3579 Κ
676 3519 740 3579 ΖΛ
755 3545 796 3568 ==
812 3518 894 3579 ΜΗ
896 3519 930 3579 Κ
935 3521 975 3579 Δ.
