<?xml version="1.0" encoding="UTF-8"?>
<!DOCTYPE html PUBLIC "-//W3C//DTD XHTML 1.0 Transitional//EN"
    "http://www.w3.org/TR/xhtml1/DTD/xhtml1-transitional.dtd">
<html xmlns="http://www.w3.org/1999/xhtml" xml:lang="en" lang="en">
 <head>
  <title>
</title>
<meta http-equiv="Content-Type" content="text/html;charset=utf-8" />
  <meta name='ocr-system' content='tesseract 3.04.00' />
  <meta name='ocr-capabilities' content='ocr_page ocr_carea ocr_par ocr_line ocrx_word'/>
</head>
<body>
  <div class='ocr_page' id='page_1' title='image "./apolloniipergae00apolgoog_0210.png"; bbox 0 0 2438 3892; ppageno 0'>
   <div class='ocr_carea' id='block_1_1' title="bbox 125 159 744 229">
    <p class='ocr_par' dir='ltr' id='par_1_1' title="bbox 125 159 744 229">
     <span class='ocr_line' id='line_1_1' title="bbox 125 159 744 229; baseline 0.005 0"><span class='ocrx_word' id='word_1_1' title='bbox 125 164 190 229; x_wconf 88' lang='lat'><strong><em>180</em></strong></span> <span class='ocrx_word' id='word_1_2' title='bbox 519 164 686 220; x_wconf 70' lang='grc' dir='ltr'><strong>ΚΩΝΙΚΩΝ</strong></span> <span class='ocrx_word' id='word_1_3' title='bbox 704 159 744 218; x_wconf 77' lang='lat' dir='ltr'><strong><em>a&#39;.</em></strong></span> 
     </span>
    </p>
   </div>
   <div class='ocr_carea' id='block_1_2' title="bbox 72 303 1152 3171">
    <p class='ocr_par' dir='ltr' id='par_1_2' title="bbox 89 303 1144 1244">
     <span class='ocr_line' id='line_1_2' title="bbox 125 303 1142 394; baseline -0.002 -18"><span class='ocrx_word' id='word_1_4' title='bbox 125 308 217 376; x_wconf 81' lang='grc' dir='ltr'><strong><em>ἔστιν</em></strong></span> <span class='ocrx_word' id='word_1_5' title='bbox 250 303 271 393; x_wconf 80' lang='grc' dir='ltr'><em>ἡ</em></span> <span class='ocrx_word' id='word_1_6' title='bbox 299 313 380 392; x_wconf 92' lang='grc' dir='ltr'><em>ΑΒ,</em></span> <span class='ocrx_word' id='word_1_7' title='bbox 413 310 452 375; x_wconf 87' lang='grc' dir='ltr'><strong><em>οιί</em></strong></span> <span class='ocrx_word' id='word_1_8' title='bbox 483 304 521 374; x_wconf 72' lang='grc' dir='ltr'><strong><em>δὲ</em></strong></span> <span class='ocrx_word' id='word_1_9' title='bbox 551 305 773 394; x_wconf 82' lang='grc' dir='ltr'><strong><em>καταγόμενοι</em></strong></span> <span class='ocrx_word' id='word_1_10' title='bbox 804 303 1079 392; x_wconf 81' lang='grc' dir='ltr'><strong><em>κατοιχθήσονται</em></strong></span> <span class='ocrx_word' id='word_1_11' title='bbox 1106 306 1142 374; x_wconf 80' lang='grc' dir='ltr'><strong><em>ἐν</em></strong></span> 
     </span>
     <span class='ocr_line' id='line_1_3' title="bbox 124 410 1144 504; baseline -0.003 -22"><span class='ocrx_word' id='word_1_12' title='bbox 124 410 215 504; x_wconf 80' lang='grc' dir='ltr'><strong><em>ὀρθή</em></strong></span> <span class='ocrx_word' id='word_1_13' title='bbox 238 419 358 504; x_wconf 77' lang='grc' dir='ltr'><em>γωνίᾳ·</em></span> <span class='ocrx_word' id='word_1_14' title='bbox 400 412 607 499; x_wconf 77' lang='grc' dir='ltr'><strong><em>παράλληλοι</em></strong></span> <span class='ocrx_word' id='word_1_15' title='bbox 630 410 695 500; x_wconf 81' lang='grc' dir='ltr'><strong><em>γάρ</em></strong></span> <span class='ocrx_word' id='word_1_16' title='bbox 718 416 783 480; x_wconf 86' lang='grc' dir='ltr'><strong><em>είσι</em></strong></span> <span class='ocrx_word' id='word_1_17' title='bbox 805 414 845 500; x_wconf 76' lang='grc' dir='ltr'><strong><em>τῇ</em></strong></span> <span class='ocrx_word' id='word_1_18' title='bbox 865 418 951 480; x_wconf 87' lang='grc' dir='ltr'><strong><em>ΚΜ.</em></strong></span> <span class='ocrx_word' id='word_1_19' title='bbox 993 411 1050 479; x_wconf 80' lang='grc' dir='ltr'><strong><em>καί</em></strong></span> <span class='ocrx_word' id='word_1_20' title='bbox 1075 413 1144 479; x_wconf 81' lang='grc' dir='ltr'><strong><em>ἔτεί</em></strong></span> 
     </span>
     <span class='ocr_line' id='line_1_4' title="bbox 124 515 1142 608; baseline -0.002 -20"><span class='ocrx_word' id='word_1_21' title='bbox 124 522 231 606; x_wconf 85' lang='grc' dir='ltr'><strong><em>ἔστιν,</em></strong></span> <span class='ocrx_word' id='word_1_22' title='bbox 259 517 305 600; x_wconf 79' lang='grc' dir='ltr'><strong><em>ὥς</em></strong></span> <span class='ocrx_word' id='word_1_23' title='bbox 331 517 352 607; x_wconf 82' lang='grc' dir='ltr'><em>ἡ</em></span> <span class='ocrx_word' id='word_1_24' title='bbox 380 518 560 608; x_wconf 29' lang='grc' dir='ltr'><strong><em>ΛΕψττρὸς</em></strong></span> <span class='ocrx_word' id='word_1_25' title='bbox 586 525 664 604; x_wconf 92' lang='grc' dir='ltr'><em>ΕΖ,</em></span> <span class='ocrx_word' id='word_1_26' title='bbox 691 517 729 586; x_wconf 87' lang='grc' dir='ltr'><strong><em>τὸ</em></strong></span> <span class='ocrx_word' id='word_1_27' title='bbox 756 515 823 586; x_wconf 78' lang='grc' dir='ltr'><strong><em>ὑπὸ</em></strong></span> <span class='ocrx_word' id='word_1_28' title='bbox 847 524 964 604; x_wconf 86' lang='grc' dir='ltr'><em>ΔΕΖ,</em></span> <span class='ocrx_word' id='word_1_29' title='bbox 992 520 1142 586; x_wconf 79' lang='grc' dir='ltr'><strong><em>τουτέστι</em></strong></span> 
     </span>
     <span class='ocr_line' id='line_1_5' title="bbox 123 621 1141 714; baseline -0.003 -19"><span class='ocrx_word' id='word_1_30' title='bbox 123 627 161 695; x_wconf 90' lang='grc' dir='ltr'><strong><em>τὸ</em></strong></span> <span class='ocrx_word' id='word_1_31' title='bbox 189 625 256 695; x_wconf 82' lang='grc' dir='ltr'><strong><em>ὑπὸ</em></strong></span> <span class='ocrx_word' id='word_1_32' title='bbox 284 633 400 713; x_wconf 98' lang='grc' dir='ltr'><em>ΒΕΑ,</em></span> <span class='ocrx_word' id='word_1_33' title='bbox 433 623 517 714; x_wconf 78' lang='grc' dir='ltr'><strong><em>πρὸς</em></strong></span> <span class='ocrx_word' id='word_1_34' title='bbox 543 626 581 693; x_wconf 89' lang='grc' dir='ltr'><strong><em>τὸ</em></strong></span> <span class='ocrx_word' id='word_1_35' title='bbox 611 625 677 693; x_wconf 78' lang='grc' dir='ltr'><strong><em>ἀπὸ</em></strong></span> <span class='ocrx_word' id='word_1_36' title='bbox 706 631 784 710; x_wconf 88' lang='grc' dir='ltr'><strong><em>ΕΖ,</em></strong></span> <span class='ocrx_word' id='word_1_37' title='bbox 815 623 854 693; x_wconf 87' lang='grc' dir='ltr'><strong><em>τὸ</em></strong></span> <span class='ocrx_word' id='word_1_38' title='bbox 881 623 920 693; x_wconf 72' lang='grc' dir='ltr'><strong><em>δὲ</em></strong></span> <span class='ocrx_word' id='word_1_39' title='bbox 945 621 1013 693; x_wconf 77' lang='grc' dir='ltr'><strong><em>ὑπὸ</em></strong></span> <span class='ocrx_word' id='word_1_40' title='bbox 1042 632 1141 694; x_wconf 85' lang='grc' dir='ltr'><strong><em>ΒΕΑ</em></strong></span> 
     </span>
     <span class='ocr_line' id='line_1_6' title="bbox 89 729 1142 821; baseline 0.001 -23"><span class='ocrx_word' id='word_1_41' title='bbox 89 733 207 821; x_wconf 74' lang='grc' dir='ltr'><strong><em>σορὸς</em></strong></span> <span class='ocrx_word' id='word_1_42' title='bbox 234 729 272 801; x_wconf 83' lang='grc' dir='ltr'>τὸ</span> <span class='ocrx_word' id='word_1_43' title='bbox 300 730 367 801; x_wconf 74' lang='grc' dir='ltr'><strong><em>ἀπὸ</em></strong></span> <span class='ocrx_word' id='word_1_44' title='bbox 383 739 455 800; x_wconf 89' lang='grc' dir='ltr'><strong><em>-ΕΖ</em></strong></span> <span class='ocrx_word' id='word_1_45' title='bbox 477 734 539 801; x_wconf 89' lang='grc' dir='ltr'><strong><em>τὸν</em></strong></span> <span class='ocrx_word' id='word_1_46' title='bbox 561 737 781 818; x_wconf 80' lang='grc' dir='ltr'><em>συγκείμενον</em></span> <span class='ocrx_word' id='word_1_47' title='bbox 804 735 870 818; x_wconf 83' lang='grc' dir='ltr'><strong><em>ἔχει</em></strong></span> <span class='ocrx_word' id='word_1_48' title='bbox 893 731 999 817; x_wconf 92' lang='grc' dir='ltr'><strong><em>λόγον</em></strong></span> <span class='ocrx_word' id='word_1_49' title='bbox 1022 732 1060 800; x_wconf 79' lang='grc' dir='ltr'><strong><em>ἔκ</em></strong></span> <span class='ocrx_word' id='word_1_50' title='bbox 1083 733 1142 799; x_wconf 82' lang='grc' dir='ltr'><strong><em>τοῦ</em></strong></span> 
     </span>
     <span class='ocr_line' id='line_1_7' title="bbox 124 833 1139 927; baseline -0.001 -21"><span class='ocrx_word' id='word_1_51' title='bbox 124 850 182 925; x_wconf 78' lang='grc' dir='ltr'><strong><em>τῆς</em></strong></span> <span class='ocrx_word' id='word_1_52' title='bbox 209 846 275 907; x_wconf 90' lang='grc' dir='ltr'><strong><em>ΒΕ</em></strong></span> <span class='ocrx_word' id='word_1_53' title='bbox 300 837 384 927; x_wconf 80' lang='grc' dir='ltr'><em>πρὸς</em></span> <span class='ocrx_word' id='word_1_54' title='bbox 411 845 474 905; x_wconf 92' lang='grc' dir='ltr'><strong><em>ΕΖ</em></strong></span> <span class='ocrx_word' id='word_1_55' title='bbox 500 838 557 905; x_wconf 82' lang='grc' dir='ltr'><strong><em>καὶ</em></strong></span> <span class='ocrx_word' id='word_1_56' title='bbox 585 842 645 906; x_wconf 81' lang='grc' dir='ltr'><strong><em>τοῦ</em></strong></span> <span class='ocrx_word' id='word_1_57' title='bbox 672 848 730 924; x_wconf 84' lang='grc' dir='ltr'><strong><em>τής</em></strong></span> <span class='ocrx_word' id='word_1_58' title='bbox 758 844 827 904; x_wconf 91' lang='grc' dir='ltr'><strong><em>ΑΕ</em></strong></span> <span class='ocrx_word' id='word_1_59' title='bbox 851 838 935 926; x_wconf 82' lang='grc' dir='ltr'><em>πρὸς</em></span> <span class='ocrx_word' id='word_1_60' title='bbox 957 843 1038 924; x_wconf 87' lang='grc' dir='ltr'><strong><em>ΕΖ,</em></strong></span> <span class='ocrx_word' id='word_1_61' title='bbox 1067 833 1139 905; x_wconf 85' lang='grc' dir='ltr'><strong><em>ἀλλ’</em></strong></span> 
     </span>
     <span class='ocr_line' id='line_1_8' title="bbox 125 939 1140 1032; baseline 0 -20"><span class='ocrx_word' id='word_1_62' title='bbox 125 941 170 1024; x_wconf 77' lang='grc' dir='ltr'><strong><em>ὡς</em></strong></span> <span class='ocrx_word' id='word_1_63' title='bbox 196 944 258 1031; x_wconf 80' lang='grc' dir='ltr'><strong><em>μέν</em></strong></span> <span class='ocrx_word' id='word_1_64' title='bbox 285 943 307 1030; x_wconf 77' lang='grc' dir='ltr'>ἡ</span> <span class='ocrx_word' id='word_1_65' title='bbox 330 951 398 1011; x_wconf 84' lang='grc' dir='ltr'><strong><em>ΒΕ</em></strong></span> <span class='ocrx_word' id='word_1_66' title='bbox 422 947 505 1032; x_wconf 81' lang='grc' dir='ltr'><em>πρὸς</em></span> <span class='ocrx_word' id='word_1_67' title='bbox 528 951 606 1030; x_wconf 93' lang='grc' dir='ltr'><em>ΕΖ,</em></span> <span class='ocrx_word' id='word_1_68' title='bbox 633 943 654 1031; x_wconf 86' lang='grc' dir='ltr'><strong><em>ή</em></strong></span> <span class='ocrx_word' id='word_1_69' title='bbox 678 950 748 1011; x_wconf 86' lang='grc' dir='ltr'><strong><em>ΒΚ</em></strong></span> <span class='ocrx_word' id='word_1_70' title='bbox 772 942 857 1031; x_wconf 79' lang='grc' dir='ltr'><em>πρὸς</em></span> <span class='ocrx_word' id='word_1_71' title='bbox 879 949 962 1028; x_wconf 79' lang='grc' dir='ltr'><em>ΚΘ,</em></span> <span class='ocrx_word' id='word_1_72' title='bbox 991 939 1038 1023; x_wconf 78' lang='grc' dir='ltr'><strong><em>ὦς</em></strong></span> <span class='ocrx_word' id='word_1_73' title='bbox 1062 940 1140 1029; x_wconf 78' lang='grc' dir='ltr'><strong><em>δέή</em></strong></span> 
     </span>
     <span class='ocr_line' id='line_1_9' title="bbox 124 1046 1141 1137; baseline -0.001 -20"><span class='ocrx_word' id='word_1_74' title='bbox 124 1057 195 1117; x_wconf 94' lang='grc' dir='ltr'><strong><em>ΑΕ</em></strong></span> <span class='ocrx_word' id='word_1_75' title='bbox 223 1051 308 1137; x_wconf 78' lang='grc' dir='ltr'><em>πρὸς</em></span> <span class='ocrx_word' id='word_1_76' title='bbox 335 1055 413 1134; x_wconf 90' lang='grc' dir='ltr'><em>ΕΖ,</em></span> <span class='ocrx_word' id='word_1_77' title='bbox 446 1047 467 1134; x_wconf 85' lang='grc' dir='ltr'><strong><em>ή</em></strong></span> <span class='ocrx_word' id='word_1_78' title='bbox 494 1055 568 1116; x_wconf 89' lang='lat' dir='ltr'><strong><em>AK</em></strong></span> <span class='ocrx_word' id='word_1_79' title='bbox 595 1050 681 1137; x_wconf 79' lang='grc' dir='ltr'><strong><em>πρὸς</em></strong></span> <span class='ocrx_word' id='word_1_80' title='bbox 707 1054 795 1134; x_wconf 88' lang='lat' dir='ltr'><strong><em>KH,</em></strong></span> <span class='ocrx_word' id='word_1_81' title='bbox 827 1049 998 1119; x_wconf 78' lang='grc' dir='ltr'><strong><em>τουτέστιν</em></strong></span> <span class='ocrx_word' id='word_1_82' title='bbox 1026 1046 1049 1136; x_wconf 82' lang='grc' dir='ltr'><em>ἡ</em></span> <span class='ocrx_word' id='word_1_83' title='bbox 1080 1055 1141 1118; x_wconf 91' lang='grc' dir='ltr'><strong><em>ΖΑ</em></strong></span> 
     </span>
     <span class='ocr_line' id='line_1_10' title="bbox 124 1151 1142 1244; baseline 0.001 -22"><span class='ocrx_word' id='word_1_84' title='bbox 124 1153 207 1242; x_wconf 80' lang='grc' dir='ltr'><strong><em>πρὸς</em></strong></span> <span class='ocrx_word' id='word_1_85' title='bbox 230 1160 315 1239; x_wconf 88' lang='grc' dir='ltr'><em>ΛΗ,</em></span> <span class='ocrx_word' id='word_1_86' title='bbox 338 1151 359 1240; x_wconf 86' lang='grc' dir='ltr'><strong><em>ή</em></strong></span> <span class='ocrx_word' id='word_1_87' title='bbox 383 1160 450 1221; x_wconf 92' lang='grc' dir='ltr'><strong><em>ΒΑ</em></strong></span> <span class='ocrx_word' id='word_1_88' title='bbox 473 1153 538 1242; x_wconf 74' lang='grc' dir='ltr'><strong><em>ἄρα</em></strong></span> <span class='ocrx_word' id='word_1_89' title='bbox 561 1154 643 1244; x_wconf 82' lang='grc' dir='ltr'><strong><em>πρὸς</em></strong></span> <span class='ocrx_word' id='word_1_90' title='bbox 661 1161 729 1223; x_wconf 91' lang='lat' dir='ltr'><strong><em>AF</em></strong></span> <span class='ocrx_word' id='word_1_91' title='bbox 749 1152 809 1223; x_wconf 88' lang='grc' dir='ltr'><strong><em>τὸν</em></strong></span> <span class='ocrx_word' id='word_1_92' title='bbox 833 1160 1053 1241; x_wconf 82' lang='grc' dir='ltr'><em>συγκείμενον</em></span> <span class='ocrx_word' id='word_1_93' title='bbox 1079 1161 1142 1243; x_wconf 87' lang='grc' dir='ltr'><strong><em>ἔχει</em></strong></span> 
     </span>
    </p>

    <p class='ocr_par' dir='ltr' id='par_1_3' title="bbox 72 1258 1144 1779">
     <span class='ocr_line' id='line_1_11' title="bbox 72 1258 1142 1350; baseline 0.001 -22"><span class='ocrx_word' id='word_1_94' title='bbox 72 1279 106 1328; x_wconf 92' lang='lat'><strong><em>10</em></strong></span> <span class='ocrx_word' id='word_1_95' title='bbox 124 1258 229 1347; x_wconf 90' lang='grc' dir='ltr'><strong><em>λόγον</em></strong></span> <span class='ocrx_word' id='word_1_96' title='bbox 252 1261 288 1327; x_wconf 84' lang='grc' dir='ltr'><strong><em>ἔκ</em></strong></span> <span class='ocrx_word' id='word_1_97' title='bbox 310 1271 371 1328; x_wconf 85' lang='grc' dir='ltr'><strong><em>τοῦ</em></strong></span> <span class='ocrx_word' id='word_1_98' title='bbox 395 1271 452 1347; x_wconf 78' lang='grc' dir='ltr'><strong><em>τῆς</em></strong></span> <span class='ocrx_word' id='word_1_99' title='bbox 472 1267 536 1327; x_wconf 90' lang='grc' dir='ltr'><strong><em>ΖΑ</em></strong></span> <span class='ocrx_word' id='word_1_100' title='bbox 555 1263 637 1346; x_wconf 79' lang='grc' dir='ltr'><em>πρὸς</em></span> <span class='ocrx_word' id='word_1_101' title='bbox 656 1267 730 1328; x_wconf 90' lang='grc' dir='ltr'><strong><em>ΛΗ</em></strong></span> <span class='ocrx_word' id='word_1_102' title='bbox 744 1262 880 1330; x_wconf 82' lang='grc' dir='ltr'><strong><em>καὶτοῦ</em></strong></span> <span class='ocrx_word' id='word_1_103' title='bbox 899 1272 956 1347; x_wconf 77' lang='grc' dir='ltr'><strong><em>τῆς</em></strong></span> <span class='ocrx_word' id='word_1_104' title='bbox 975 1269 1041 1330; x_wconf 91' lang='grc' dir='ltr'><strong><em>ΖΑ</em></strong></span> <span class='ocrx_word' id='word_1_105' title='bbox 1060 1263 1142 1350; x_wconf 80' lang='grc' dir='ltr'><em>πρὸς</em></span> 
     </span>
     <span class='ocr_line' id='line_1_12' title="bbox 124 1363 1143 1454; baseline 0.002 -19"><span class='ocrx_word' id='word_1_106' title='bbox 124 1373 204 1452; x_wconf 83' lang='grc' dir='ltr'><em>ΛΘ,</em></span> <span class='ocrx_word' id='word_1_107' title='bbox 233 1363 271 1447; x_wconf 85' lang='grc' dir='ltr'><strong><em>ὅς</em></strong></span> <span class='ocrx_word' id='word_1_108' title='bbox 297 1367 387 1436; x_wconf 81' lang='grc' dir='ltr'><strong><em>ἔστιν</em></strong></span> <span class='ocrx_word' id='word_1_109' title='bbox 416 1364 434 1436; x_wconf 86' lang='grc' dir='ltr'><strong><em>ὃ</em></strong></span> <span class='ocrx_word' id='word_1_110' title='bbox 462 1365 565 1447; x_wconf 81' lang='grc' dir='ltr'><strong><em>αὐτὸς</em></strong></span> <span class='ocrx_word' id='word_1_111' title='bbox 592 1378 638 1454; x_wconf 77' lang='grc' dir='ltr'><strong><em>τῷ</em></strong></span> <span class='ocrx_word' id='word_1_112' title='bbox 663 1363 705 1436; x_wconf 82' lang='grc' dir='ltr'><strong><em>ὃν</em></strong></span> <span class='ocrx_word' id='word_1_113' title='bbox 728 1373 793 1454; x_wconf 86' lang='grc' dir='ltr'><strong><em>ἔχει</em></strong></span> <span class='ocrx_word' id='word_1_114' title='bbox 816 1369 854 1436; x_wconf 89' lang='grc' dir='ltr'><strong><em>τὸ</em></strong></span> <span class='ocrx_word' id='word_1_115' title='bbox 879 1364 945 1435; x_wconf 80' lang='grc' dir='ltr'><strong><em>ἀπὸ</em></strong></span> <span class='ocrx_word' id='word_1_116' title='bbox 971 1375 1037 1436; x_wconf 93' lang='grc' dir='ltr'><strong><em>ΖΛ</em></strong></span> <span class='ocrx_word' id='word_1_117' title='bbox 1061 1367 1143 1454; x_wconf 80' lang='grc' dir='ltr'><strong><em>πρὸς</em></strong></span> 
     </span>
     <span class='ocr_line' id='line_1_13' title="bbox 123 1470 1143 1562; baseline 0 -21"><span class='ocrx_word' id='word_1_118' title='bbox 123 1475 162 1542; x_wconf 88' lang='grc' dir='ltr'><strong><em>τὸ</em></strong></span> <span class='ocrx_word' id='word_1_119' title='bbox 185 1470 252 1543; x_wconf 82' lang='grc' dir='ltr'><strong><em>ὑπὸ</em></strong></span> <span class='ocrx_word' id='word_1_120' title='bbox 276 1481 394 1542; x_wconf 81' lang='grc' dir='ltr'><em>ΗΛΘ·</em></span> <span class='ocrx_word' id='word_1_121' title='bbox 437 1472 481 1554; x_wconf 82' lang='grc' dir='ltr'><strong><em>ὡς</em></strong></span> <span class='ocrx_word' id='word_1_122' title='bbox 504 1475 570 1562; x_wconf 72' lang='grc' dir='ltr'><strong><em>ἄρα</em></strong></span> <span class='ocrx_word' id='word_1_123' title='bbox 593 1471 614 1560; x_wconf 82' lang='grc' dir='ltr'><em>ἡ</em></span> <span class='ocrx_word' id='word_1_124' title='bbox 634 1481 699 1541; x_wconf 90' lang='lat' dir='ltr'><strong><em>BA</em></strong></span> <span class='ocrx_word' id='word_1_125' title='bbox 721 1475 805 1560; x_wconf 82' lang='grc' dir='ltr'><strong><em>πρὸς</em></strong></span> <span class='ocrx_word' id='word_1_126' title='bbox 824 1479 904 1561; x_wconf 90' lang='lat' dir='ltr'><strong><em>AF,</em></strong></span> <span class='ocrx_word' id='word_1_127' title='bbox 927 1472 965 1542; x_wconf 87' lang='grc' dir='ltr'><strong><em>τὸ</em></strong></span> <span class='ocrx_word' id='word_1_128' title='bbox 991 1471 1057 1543; x_wconf 82' lang='grc' dir='ltr'><strong><em>ἀπὸ</em></strong></span> <span class='ocrx_word' id='word_1_129' title='bbox 1075 1480 1143 1542; x_wconf 87' lang='grc' dir='ltr'><strong><em>’ΖΛ</em></strong></span> 
     </span>
     <span class='ocr_line' id='line_1_14' title="bbox 124 1572 1143 1670; baseline 0.003 -24"><span class='ocrx_word' id='word_1_130' title='bbox 124 1577 207 1667; x_wconf 79' lang='grc' dir='ltr'><strong><em>πρὸς</em></strong></span> <span class='ocrx_word' id='word_1_131' title='bbox 239 1580 276 1650; x_wconf 92' lang='grc' dir='ltr'><strong><em>τὸ</em></strong></span> <span class='ocrx_word' id='word_1_132' title='bbox 310 1577 376 1649; x_wconf 77' lang='grc' dir='ltr'><strong><em>ὑπὸ</em></strong></span> <span class='ocrx_word' id='word_1_133' title='bbox 404 1588 517 1649; x_wconf 82' lang='grc' dir='ltr'><em>ΗΛΘ.</em></span> <span class='ocrx_word' id='word_1_134' title='bbox 568 1577 651 1649; x_wconf 82' lang='grc' dir='ltr'><strong><em>ὅταν</em></strong></span> <span class='ocrx_word' id='word_1_135' title='bbox 685 1581 723 1648; x_wconf 72' lang='grc' dir='ltr'><strong><em>δὲ</em></strong></span> <span class='ocrx_word' id='word_1_136' title='bbox 749 1592 850 1649; x_wconf 89' lang='grc' dir='ltr'><strong><em>τοῦτο</em></strong></span> <span class='ocrx_word' id='word_1_137' title='bbox 878 1572 916 1669; x_wconf 80' lang='grc' dir='ltr'><em>ᾖ,</em></span> <span class='ocrx_word' id='word_1_138' title='bbox 950 1578 1056 1670; x_wconf 82' lang='grc' dir='ltr'><strong><em>ὀρθία</em></strong></span> <span class='ocrx_word' id='word_1_139' title='bbox 1082 1585 1143 1649; x_wconf 87' lang='grc' dir='ltr'><strong><em>τοῦ</em></strong></span> 
     </span>
     <span class='ocr_line' id='line_1_15' title="bbox 125 1684 1144 1779; baseline 0.002 -26"><span class='ocrx_word' id='word_1_140' title='bbox 125 1689 237 1766; x_wconf 60' lang='lat' dir='ltr'><strong>amous</strong></span> <span class='ocrx_word' id='word_1_141' title='bbox 263 1686 390 1776; x_wconf 77' lang='grc' dir='ltr'><strong><em>πλευρά</em></strong></span> <span class='ocrx_word' id='word_1_142' title='bbox 418 1688 510 1755; x_wconf 88' lang='grc' dir='ltr'><strong><em>ἔστιν</em></strong></span> <span class='ocrx_word' id='word_1_143' title='bbox 536 1685 558 1774; x_wconf 85' lang='grc' dir='ltr'><em>ἡ</em></span> <span class='ocrx_word' id='word_1_144' title='bbox 582 1692 661 1773; x_wconf 90' lang='lat' dir='ltr'><strong><em>AF,</em></strong></span> <span class='ocrx_word' id='word_1_145' title='bbox 690 1684 736 1767; x_wconf 76' lang='grc' dir='ltr'><strong><em>ὥς</em></strong></span> <span class='ocrx_word' id='word_1_146' title='bbox 763 1688 927 1754; x_wconf 76' lang='grc' dir='ltr'><strong><em>δέδεικται</em></strong></span> <span class='ocrx_word' id='word_1_147' title='bbox 955 1689 992 1755; x_wconf 90' lang='grc' dir='ltr'><strong><em>ἔν</em></strong></span> <span class='ocrx_word' id='word_1_148' title='bbox 1018 1692 1066 1779; x_wconf 73' lang='grc' dir='ltr'><strong><em>τῷ</em></strong></span> <span class='ocrx_word' id='word_1_149' title='bbox 1095 1687 1144 1774; x_wconf 85' lang='grc' dir='ltr'><strong><em>ιγ’</em></strong></span> 
     </span>
    </p>

    <p class='ocr_par' dir='ltr' id='par_1_4' title="bbox 73 1791 326 1880">
     <span class='ocr_line' id='line_1_16' title="bbox 73 1791 326 1880; baseline 0.012 -23"><span class='ocrx_word' id='word_1_150' title='bbox 73 1805 106 1857; x_wconf 80' lang='grc' dir='ltr'><strong><em>1ο</em></strong></span> <span class='ocrx_word' id='word_1_151' title='bbox 123 1791 326 1880; x_wconf 80' lang='grc' dir='ltr'><strong><em>θεωρήματι.</em></strong></span> 
     </span>
    </p>

    <p class='ocr_par' dir='ltr' id='par_1_5' title="bbox 124 1898 1147 2322">
     <span class='ocr_line' id='line_1_17' title="bbox 602 1898 664 1980; baseline 0 -13"><span class='ocrx_word' id='word_1_152' title='bbox 602 1898 664 1980; x_wconf 80' lang='grc' dir='ltr'><strong><em>νζ’.</em></strong></span> 
     </span>
     <span class='ocr_line' id='line_1_18' title="bbox 195 2018 1147 2110; baseline 0.005 -23"><span class='ocrx_word' id='word_1_153' title='bbox 195 2025 271 2087; x_wconf 80' lang='grc' dir='ltr'><strong><em>Τῶν</em></strong></span> <span class='ocrx_word' id='word_1_154' title='bbox 294 2018 408 2088; x_wconf 80' lang='grc' dir='ltr'><strong><em>αὐτῶν</em></strong></span> <span class='ocrx_word' id='word_1_155' title='bbox 430 2019 663 2109; x_wconf 78' lang='grc' dir='ltr'><strong><em>ὑποκειμένων</em></strong></span> <span class='ocrx_word' id='word_1_156' title='bbox 687 2028 770 2093; x_wconf 90' lang='grc' dir='ltr'><strong><em>ἔστω</em></strong></span> <span class='ocrx_word' id='word_1_157' title='bbox 790 2022 811 2110; x_wconf 80' lang='grc' dir='ltr'>ἡ</span> <span class='ocrx_word' id='word_1_158' title='bbox 833 2031 895 2091; x_wconf 92' lang='grc' dir='ltr'><strong><em>ΑΒ</em></strong></span> <span class='ocrx_word' id='word_1_159' title='bbox 915 2022 1068 2091; x_wconf 80' lang='grc' dir='ltr'><strong><em>ἐλάσσων</em></strong></span> <span class='ocrx_word' id='word_1_160' title='bbox 1085 2033 1147 2109; x_wconf 80' lang='grc' dir='ltr'><strong><em>τῆς</em></strong></span> 
     </span>
     <span class='ocr_line' id='line_1_19' title="bbox 124 2127 1146 2218; baseline 0.005 -25"><span class='ocrx_word' id='word_1_161' title='bbox 124 2131 204 2212; x_wconf 90' lang='grc' dir='ltr'><em>ΑΓ,</em></span> <span class='ocrx_word' id='word_1_162' title='bbox 231 2127 287 2194; x_wconf 82' lang='grc' dir='ltr'><strong><em>καί</em></strong></span> <span class='ocrx_word' id='word_1_163' title='bbox 315 2128 394 2196; x_wconf 77' lang='grc' dir='ltr'><strong><em>θέον</em></strong></span> <span class='ocrx_word' id='word_1_164' title='bbox 423 2132 506 2196; x_wconf 90' lang='grc' dir='ltr'><strong><em>ἔστω</em></strong></span> <span class='ocrx_word' id='word_1_165' title='bbox 534 2128 610 2215; x_wconf 80' lang='grc' dir='ltr'><strong><em>περὶ</em></strong></span> <span class='ocrx_word' id='word_1_166' title='bbox 638 2130 817 2218; x_wconf 79' lang='grc' dir='ltr'><strong><em>διάμετρον</em></strong></span> <span class='ocrx_word' id='word_1_167' title='bbox 840 2128 902 2216; x_wconf 82' lang='grc' dir='ltr'><strong><em>τήν</em></strong></span> <span class='ocrx_word' id='word_1_168' title='bbox 924 2137 991 2197; x_wconf 93' lang='grc' dir='ltr'><strong><em>ΑΒ</em></strong></span> <span class='ocrx_word' id='word_1_169' title='bbox 1014 2129 1146 2214; x_wconf 77' lang='grc' dir='ltr'><strong><em>γράψαι</em></strong></span> 
     </span>
     <span class='ocr_line' id='line_1_20' title="bbox 125 2229 832 2322; baseline 0.006 -23"><span class='ocrx_word' id='word_1_170' title='bbox 125 2236 284 2318; x_wconf 77' lang='grc' dir='ltr'><strong><em>ἔλλειψιν,</em></strong></span> <span class='ocrx_word' id='word_1_171' title='bbox 308 2229 392 2300; x_wconf 77' lang='grc' dir='ltr'><strong><em>ὥστε</em></strong></span> <span class='ocrx_word' id='word_1_172' title='bbox 416 2230 541 2320; x_wconf 77' lang='grc' dir='ltr'><strong><em>ὀρθίαν</em></strong></span> <span class='ocrx_word' id='word_1_173' title='bbox 566 2231 737 2322; x_wconf 75' lang='grc' dir='ltr'><strong><em>εἶναιτὴν</em></strong></span> <span class='ocrx_word' id='word_1_174' title='bbox 761 2241 832 2303; x_wconf 91' lang='lat' dir='ltr'><strong><em>AF.</em></strong></span> 
     </span>
    </p>

    <p class='ocr_par' dir='ltr' id='par_1_6' title="bbox 73 2337 1152 2853">
     <span class='ocr_line' id='line_1_21' title="bbox 73 2337 1147 2427; baseline 0.003 -21"><span class='ocrx_word' id='word_1_175' title='bbox 73 2356 107 2406; x_wconf 81' lang='lat'><strong><em>20</em></strong></span> <span class='ocrx_word' id='word_1_176' title='bbox 192 2338 369 2427; x_wconf 75' lang='grc' dir='ltr'><strong><em>τετμήσθω</em></strong></span> <span class='ocrx_word' id='word_1_177' title='bbox 393 2337 413 2426; x_wconf 85' lang='grc' dir='ltr'><strong><em>ή</em></strong></span> <span class='ocrx_word' id='word_1_178' title='bbox 438 2347 504 2407; x_wconf 90' lang='grc' dir='ltr'><strong><em>ΑΒ</em></strong></span> <span class='ocrx_word' id='word_1_179' title='bbox 528 2344 604 2427; x_wconf 80' lang='grc' dir='ltr'><strong><em>θίγοι</em></strong></span> <span class='ocrx_word' id='word_1_180' title='bbox 627 2340 710 2408; x_wconf 84' lang='grc' dir='ltr'><strong><em>κατὰ</em></strong></span> <span class='ocrx_word' id='word_1_181' title='bbox 733 2343 771 2408; x_wconf 85' lang='grc' dir='ltr'><strong><em>τὸ</em></strong></span> <span class='ocrx_word' id='word_1_182' title='bbox 795 2349 839 2426; x_wconf 87' lang='grc' dir='ltr'><em>Α,</em></span> <span class='ocrx_word' id='word_1_183' title='bbox 862 2341 918 2409; x_wconf 80' lang='grc' dir='ltr'><strong><em>καὶ</em></strong></span> <span class='ocrx_word' id='word_1_184' title='bbox 938 2338 1003 2409; x_wconf 80' lang='grc' dir='ltr'><strong><em>ἀπὸ</em></strong></span> <span class='ocrx_word' id='word_1_185' title='bbox 1026 2353 1087 2410; x_wconf 87' lang='grc' dir='ltr'><strong><em>τοῦ</em></strong></span> <span class='ocrx_word' id='word_1_186' title='bbox 1113 2351 1147 2409; x_wconf 90' lang='grc' dir='ltr'><em>Δ</em></span> 
     </span>
     <span class='ocr_line' id='line_1_22' title="bbox 125 2442 1152 2540; baseline 0.001 -26"><span class='ocrx_word' id='word_1_187' title='bbox 125 2451 165 2536; x_wconf 77' lang='grc' dir='ltr'><strong><em>τῇ</em></strong></span> <span class='ocrx_word' id='word_1_188' title='bbox 186 2454 250 2515; x_wconf 90' lang='lat' dir='ltr'><strong><em>AB</em></strong></span> <span class='ocrx_word' id='word_1_189' title='bbox 274 2448 357 2535; x_wconf 79' lang='grc' dir='ltr'><em>πρὸς</em></span> <span class='ocrx_word' id='word_1_190' title='bbox 381 2442 488 2534; x_wconf 82' lang='grc' dir='ltr'><strong><em>ὀρθὰς</em></strong></span> <span class='ocrx_word' id='word_1_191' title='bbox 511 2444 607 2533; x_wconf 81' lang='grc' dir='ltr'><strong><em>ἤχθω</em></strong></span> <span class='ocrx_word' id='word_1_192' title='bbox 630 2445 651 2534; x_wconf 87' lang='grc' dir='ltr'><strong><em>ή</em></strong></span> <span class='ocrx_word' id='word_1_193' title='bbox 672 2453 788 2532; x_wconf 91' lang='grc' dir='ltr'><em>ΕΔΖ,</em></span> <span class='ocrx_word' id='word_1_194' title='bbox 812 2447 867 2514; x_wconf 81' lang='grc' dir='ltr'><strong><em>κοιλ</em></strong></span> <span class='ocrx_word' id='word_1_195' title='bbox 890 2451 935 2540; x_wconf 73' lang='grc' dir='ltr'><strong><em>τῷ</em></strong></span> <span class='ocrx_word' id='word_1_196' title='bbox 958 2445 1023 2514; x_wconf 81' lang='grc' dir='ltr'><strong><em>ὑπὸ</em></strong></span> <span class='ocrx_word' id='word_1_197' title='bbox 1044 2454 1152 2516; x_wconf 90' lang='grc' dir='ltr'><strong><em>ΒΑΓ</em></strong></span> 
     </span>
     <span class='ocr_line' id='line_1_23' title="bbox 126 2549 1146 2643; baseline -0.001 -22"><span class='ocrx_word' id='word_1_198' title='bbox 126 2563 202 2622; x_wconf 79' lang='grc' dir='ltr'><strong><em>ἴσον</em></strong></span> <span class='ocrx_word' id='word_1_199' title='bbox 231 2559 314 2623; x_wconf 82' lang='grc' dir='ltr'><strong><em>ἔστω</em></strong></span> <span class='ocrx_word' id='word_1_200' title='bbox 342 2552 380 2622; x_wconf 90' lang='grc' dir='ltr'><strong><em>τὸ</em></strong></span> <span class='ocrx_word' id='word_1_201' title='bbox 409 2549 475 2621; x_wconf 79' lang='grc' dir='ltr'><strong><em>ἀπὸ</em></strong></span> <span class='ocrx_word' id='word_1_202' title='bbox 501 2559 578 2639; x_wconf 91' lang='grc' dir='ltr'><strong><em>ΖΕ,</em></strong></span> <span class='ocrx_word' id='word_1_203' title='bbox 607 2551 692 2622; x_wconf 76' lang='grc' dir='ltr'><strong><em>ὥστε</em></strong></span> <span class='ocrx_word' id='word_1_204' title='bbox 715 2561 793 2639; x_wconf 84' lang='grc' dir='ltr'><strong><em>ίσήν</em></strong></span> <span class='ocrx_word' id='word_1_205' title='bbox 817 2551 988 2640; x_wconf 81' lang='grc' dir='ltr'><strong><em>εἶναιτὴν</em></strong></span> <span class='ocrx_word' id='word_1_206' title='bbox 1013 2560 1080 2621; x_wconf 92' lang='grc' dir='ltr'><strong><em>ΖΔ</em></strong></span> <span class='ocrx_word' id='word_1_207' title='bbox 1104 2567 1146 2643; x_wconf 79' lang='grc' dir='ltr'><strong><em>τῇ</em></strong></span> 
     </span>
     <span class='ocr_line' id='line_1_24' title="bbox 127 2657 1147 2749; baseline 0.004 -25"><span class='ocrx_word' id='word_1_208' title='bbox 127 2666 214 2743; x_wconf 88' lang='grc' dir='ltr'><em>ΑΕ,</em></span> <span class='ocrx_word' id='word_1_209' title='bbox 251 2661 306 2728; x_wconf 84' lang='grc' dir='ltr'><strong><em>καὶ</em></strong></span> <span class='ocrx_word' id='word_1_210' title='bbox 344 2664 384 2749; x_wconf 74' lang='grc' dir='ltr'><strong><em>τῇ</em></strong></span> <span class='ocrx_word' id='word_1_211' title='bbox 422 2667 487 2727; x_wconf 91' lang='grc' dir='ltr'><strong><em>ΑΒ</em></strong></span> <span class='ocrx_word' id='word_1_212' title='bbox 523 2659 736 2746; x_wconf 79' lang='grc' dir='ltr'><strong><em>παράλληλος</em></strong></span> <span class='ocrx_word' id='word_1_213' title='bbox 771 2657 867 2745; x_wconf 78' lang='grc' dir='ltr'><strong><em>ἤχθω</em></strong></span> <span class='ocrx_word' id='word_1_214' title='bbox 906 2657 926 2745; x_wconf 79' lang='grc' dir='ltr'><em>ἡ</em></span> <span class='ocrx_word' id='word_1_215' title='bbox 964 2666 1050 2744; x_wconf 90' lang='grc' dir='ltr'><strong><em>ΖΗ,</em></strong></span> <span class='ocrx_word' id='word_1_216' title='bbox 1088 2661 1147 2728; x_wconf 83' lang='grc' dir='ltr'><strong><em>καί</em></strong></span> 
     </span>
     <span class='ocr_line' id='line_1_25' title="bbox 126 2763 1146 2853; baseline 0.004 -24"><span class='ocrx_word' id='word_1_217' title='bbox 126 2764 335 2850; x_wconf 78' lang='grc' dir='ltr'><strong><em>πεποιήσθω,</em></strong></span> <span class='ocrx_word' id='word_1_218' title='bbox 369 2763 413 2845; x_wconf 80' lang='grc' dir='ltr'><strong><em>ὡς</em></strong></span> <span class='ocrx_word' id='word_1_219' title='bbox 445 2763 466 2852; x_wconf 81' lang='grc' dir='ltr'><em>ἡ</em></span> <span class='ocrx_word' id='word_1_220' title='bbox 495 2772 564 2833; x_wconf 93' lang='lat' dir='ltr'><strong><em>AF</em></strong></span> <span class='ocrx_word' id='word_1_221' title='bbox 587 2764 669 2853; x_wconf 79' lang='grc' dir='ltr'><em>πρὸς</em></span> <span class='ocrx_word' id='word_1_222' title='bbox 696 2774 777 2851; x_wconf 92' lang='grc' dir='ltr'><em>ΑΒ,</em></span> <span class='ocrx_word' id='word_1_223' title='bbox 809 2763 830 2851; x_wconf 84' lang='grc' dir='ltr'><em>ἡ</em></span> <span class='ocrx_word' id='word_1_224' title='bbox 859 2772 923 2832; x_wconf 90' lang='grc' dir='ltr'><strong><em>ΕΖ</em></strong></span> <span class='ocrx_word' id='word_1_225' title='bbox 949 2765 1034 2851; x_wconf 79' lang='grc' dir='ltr'><strong><em>πρὸς</em></strong></span> <span class='ocrx_word' id='word_1_226' title='bbox 1063 2773 1146 2833; x_wconf 91' lang='grc' dir='ltr'><strong><em>ΖΗ·</em></strong></span> 
     </span>
    </p>

    <p class='ocr_par' dir='ltr' id='par_1_7' title="bbox 73 2869 1148 3171">
     <span class='ocr_line' id='line_1_26' title="bbox 73 2869 1147 2957; baseline 0.007 -27"><span class='ocrx_word' id='word_1_227' title='bbox 73 2882 107 2931; x_wconf 71' lang='grc' dir='ltr'><strong><em>νο</em></strong></span> <span class='ocrx_word' id='word_1_228' title='bbox 126 2875 246 2955; x_wconf 86' lang='grc' dir='ltr'><em>μείζων</em></span> <span class='ocrx_word' id='word_1_229' title='bbox 274 2870 340 2957; x_wconf 77' lang='grc' dir='ltr'><strong><em>ἅμα</em></strong></span> <span class='ocrx_word' id='word_1_230' title='bbox 367 2871 423 2938; x_wconf 86' lang='grc' dir='ltr'><strong><em>καὶ</em></strong></span> <span class='ocrx_word' id='word_1_231' title='bbox 451 2869 472 2957; x_wconf 82' lang='grc' dir='ltr'><em>ἡ</em></span> <span class='ocrx_word' id='word_1_232' title='bbox 497 2879 559 2938; x_wconf 88' lang='grc' dir='ltr'><strong><em>ΕΖ</em></strong></span> <span class='ocrx_word' id='word_1_233' title='bbox 587 2884 645 2957; x_wconf 78' lang='grc' dir='ltr'><strong><em>τῆς</em></strong></span> <span class='ocrx_word' id='word_1_234' title='bbox 668 2878 742 2938; x_wconf 89' lang='grc' dir='ltr'><strong><em>ΖΗ.</em></strong></span> <span class='ocrx_word' id='word_1_235' title='bbox 786 2871 843 2938; x_wconf 83' lang='grc' dir='ltr'><strong><em>καί</em></strong></span> <span class='ocrx_word' id='word_1_236' title='bbox 872 2871 941 2939; x_wconf 82' lang='grc' dir='ltr'><strong><em>ἔτεί</em></strong></span> <span class='ocrx_word' id='word_1_237' title='bbox 969 2881 1045 2939; x_wconf 85' lang='grc' dir='ltr'><strong><em>ίσον</em></strong></span> <span class='ocrx_word' id='word_1_238' title='bbox 1074 2873 1147 2940; x_wconf 80' lang='grc' dir='ltr'><strong><em>ἐστὶ</em></strong></span> 
     </span>
     <span class='ocr_line' id='line_1_27' title="bbox 126 2971 1146 3067; baseline 0.003 -25"><span class='ocrx_word' id='word_1_239' title='bbox 126 2972 164 3042; x_wconf 84' lang='grc' dir='ltr'><strong><em>τὸ</em></strong></span> <span class='ocrx_word' id='word_1_240' title='bbox 187 2971 253 3041; x_wconf 84' lang='grc' dir='ltr'><strong><em>ὑπὸ</em></strong></span> <span class='ocrx_word' id='word_1_241' title='bbox 273 2982 372 3043; x_wconf 91' lang='lat' dir='ltr'><strong><em>FAB</em></strong></span> <span class='ocrx_word' id='word_1_242' title='bbox 394 2980 440 3067; x_wconf 78' lang='grc' dir='ltr'><strong><em>τῷ</em></strong></span> <span class='ocrx_word' id='word_1_243' title='bbox 464 2975 530 3044; x_wconf 78' lang='grc' dir='ltr'><strong><em>ἀπὸ</em></strong></span> <span class='ocrx_word' id='word_1_244' title='bbox 548 2985 626 3063; x_wconf 89' lang='grc' dir='ltr'><strong><em>ΕΖ,</em></strong></span> <span class='ocrx_word' id='word_1_245' title='bbox 651 2984 741 3045; x_wconf 87' lang='grc' dir='ltr'><strong><em>ἔστιν</em></strong></span> <span class='ocrx_word' id='word_1_246' title='bbox 765 2976 809 3057; x_wconf 78' lang='grc' dir='ltr'><strong><em>ὡς</em></strong></span> <span class='ocrx_word' id='word_1_247' title='bbox 833 2975 854 3064; x_wconf 87' lang='grc' dir='ltr'><strong><em>ή</em></strong></span> <span class='ocrx_word' id='word_1_248' title='bbox 874 2984 939 3045; x_wconf 91' lang='grc' dir='ltr'><strong><em>ΓΑ</em></strong></span> <span class='ocrx_word' id='word_1_249' title='bbox 953 2979 1043 3065; x_wconf 82' lang='grc' dir='ltr'><em>’πρὸς</em></span> <span class='ocrx_word' id='word_1_250' title='bbox 1062 2987 1146 3066; x_wconf 92' lang='grc' dir='ltr'><em>ΑΒ,</em></span> 
     </span>
     <span class='ocr_line' id='line_1_28' title="bbox 127 3077 1148 3171; baseline 0.005 -25"><span class='ocrx_word' id='word_1_251' title='bbox 127 3081 165 3147; x_wconf 85' lang='grc' dir='ltr'><strong><em>τὸ</em></strong></span> <span class='ocrx_word' id='word_1_252' title='bbox 193 3077 258 3147; x_wconf 68' lang='lat' dir='ltr'><strong><em>dub</em></strong></span> <span class='ocrx_word' id='word_1_253' title='bbox 284 3087 348 3147; x_wconf 89' lang='grc' dir='ltr'><strong><em>ΖΕ</em></strong></span> <span class='ocrx_word' id='word_1_254' title='bbox 373 3084 457 3168; x_wconf 81' lang='grc' dir='ltr'><em>πρὸς</em></span> <span class='ocrx_word' id='word_1_255' title='bbox 483 3084 521 3150; x_wconf 90' lang='grc' dir='ltr'><strong><em>τὸ</em></strong></span> <span class='ocrx_word' id='word_1_256' title='bbox 550 3080 616 3151; x_wconf 77' lang='grc' dir='ltr'><strong><em>ἀπὸ</em></strong></span> <span class='ocrx_word' id='word_1_257' title='bbox 640 3092 705 3151; x_wconf 91' lang='grc' dir='ltr'><strong><em>ΑΒ</em></strong></span> <span class='ocrx_word' id='word_1_258' title='bbox 732 3084 787 3150; x_wconf 79' lang='grc' dir='ltr'><strong><em>καί</em></strong></span> <span class='ocrx_word' id='word_1_259' title='bbox 814 3081 851 3150; x_wconf 92' lang='grc' dir='ltr'><strong><em>τὸ</em></strong></span> <span class='ocrx_word' id='word_1_260' title='bbox 880 3081 944 3150; x_wconf 80' lang='grc' dir='ltr'><strong><em>ἀπὸ</em></strong></span> <span class='ocrx_word' id='word_1_261' title='bbox 970 3091 1036 3150; x_wconf 84' lang='grc' dir='ltr'><strong><em>ΛΖ</em></strong></span> <span class='ocrx_word' id='word_1_262' title='bbox 1060 3085 1148 3171; x_wconf 80' lang='grc' dir='ltr'><em>πρὸς</em></span> 
     </span>
    </p>
   </div>
   <div class='ocr_carea' id='block_1_3' title="bbox 201 3273 1146 3361">
    <p class='ocr_par' dir='ltr' id='par_1_8' title="bbox 201 3273 1146 3361">
     <span class='ocr_line' id='line_1_29' title="bbox 201 3273 1146 3361; baseline 0.006 -31"><span class='ocrx_word' id='word_1_263' title='bbox 201 3282 225 3330; x_wconf 80' lang='grc'><strong><em>’1.</em></strong></span> <span class='ocrx_word' id='word_1_264' title='bbox 249 3273 317 3330; x_wconf 78' lang='lat' dir='ltr'>Post</span> <span class='ocrx_word' id='word_1_265' title='bbox 335 3277 393 3330; x_wconf 83' lang='grc' dir='ltr'><strong><em>ΚΘ</em></strong></span> <span class='ocrx_word' id='word_1_266' title='bbox 416 3275 479 3330; x_wconf 83' lang='lat' dir='ltr'><strong>add.</strong></span> <span class='ocrx_word' id='word_1_267' title='bbox 499 3273 683 3361; x_wconf 47' lang='grc' dir='ltr'><strong><em>τουτέστιν-ὴ</em></strong></span> <span class='ocrx_word' id='word_1_268' title='bbox 703 3283 753 3333; x_wconf 87' lang='grc' dir='ltr'><strong><em>ΖΑ</em></strong></span> <span class='ocrx_word' id='word_1_269' title='bbox 776 3275 846 3348; x_wconf 78' lang='grc' dir='ltr'><strong><em>πρὸς</em></strong></span> <span class='ocrx_word' id='word_1_270' title='bbox 864 3281 919 3334; x_wconf 83' lang='grc' dir='ltr'><strong><em>ΑΘ</em></strong></span> <span class='ocrx_word' id='word_1_271' title='bbox 941 3278 1044 3347; x_wconf 75' lang='grc' dir='ltr'><strong><em>ΗοΙΙεγ</em></strong></span> <span class='ocrx_word' id='word_1_272' title='bbox 1063 3297 1146 3349; x_wconf 84' lang='lat' dir='ltr'><strong>prae-</strong></span> 
     </span>
    </p>
   </div>
   <div class='ocr_carea' id='block_1_4' title="bbox 128 3361 1145 3579">
    <p class='ocr_par' dir='ltr' id='par_1_9' title="bbox 128 3361 1145 3579">
     <span class='ocr_line' id='line_1_30' title="bbox 129 3361 1145 3440; baseline -0.001 -19"><span class='ocrx_word' id='word_1_273' title='bbox 129 3368 212 3421; x_wconf 77' lang='lat' dir='ltr'>eunte</span> <span class='ocrx_word' id='word_1_274' title='bbox 226 3364 327 3421; x_wconf 84' lang='lat' dir='ltr'>Memo.</span> <span class='ocrx_word' id='word_1_275' title='bbox 408 3365 507 3437; x_wconf 77' lang='grc' dir='ltr'>11.τῷ</span> <span class='ocrx_word' id='word_1_276' title='bbox 527 3361 617 3437; x_wconf 78' lang='grc' dir='ltr'><strong><em>ιγ’]ὦ</em></strong></span> <span class='ocrx_word' id='word_1_277' title='bbox 642 3367 723 3433; x_wconf 77' lang='lat' dir='ltr'><strong><em>sV3</em></strong></span> <span class='ocrx_word' id='word_1_278' title='bbox 751 3384 820 3423; x_wconf 88' lang='lat' dir='ltr'>corr.</span> <span class='ocrx_word' id='word_1_279' title='bbox 843 3387 871 3437; x_wconf 93' lang='lat' dir='ltr'><strong><em>p.</em></strong></span> <span class='ocrx_word' id='word_1_280' title='bbox 964 3372 1005 3421; x_wconf 79' lang='grc'><strong><em>16.</em></strong></span> <span class='ocrx_word' id='word_1_281' title='bbox 1035 3365 1091 3440; x_wconf 68' lang='lat' dir='ltr'><strong><em>vg&#39;]</em></strong></span> <span class='ocrx_word' id='word_1_282' title='bbox 1118 3387 1145 3437; x_wconf 84' lang='lat' dir='ltr'><strong><em>p,</em></strong></span> 
     </span>
     <span class='ocr_line' id='line_1_31' title="bbox 128 3432 1145 3507; baseline 0.005 -18"><span class='ocrx_word' id='word_1_283' title='bbox 128 3435 276 3505; x_wconf 77' lang='lat' dir='ltr'>Eutocius;</span> <span class='ocrx_word' id='word_1_284' title='bbox 295 3453 349 3492; x_wconf 83' lang='grc' dir='ltr'><strong><em>οιο.</em></strong></span> <span class='ocrx_word' id='word_1_285' title='bbox 363 3436 396 3490; x_wconf 88' lang='lat' dir='ltr'><strong><em>V.</em></strong></span> <span class='ocrx_word' id='word_1_286' title='bbox 455 3440 495 3489; x_wconf 90' lang='lat'><strong><em>18.</em></strong></span> <span class='ocrx_word' id='word_1_287' title='bbox 515 3436 597 3507; x_wconf 80' lang='grc' dir='ltr'><em>περί]</em></span> <span class='ocrx_word' id='word_1_288' title='bbox 616 3455 667 3506; x_wconf 87' lang='lat' dir='ltr'><strong><em>pc;</em></strong></span> <span class='ocrx_word' id='word_1_289' title='bbox 688 3432 792 3492; x_wconf 61' lang='lat' dir='ltr'><em>ssm&#39;V?</em></span> <span class='ocrx_word' id='word_1_290' title='bbox 846 3439 1084 3493; x_wconf 77' lang='grc' dir='ltr'><strong><em>114.πεποιείσθω</em></strong></span> <span class='ocrx_word' id='word_1_291' title='bbox 1105 3440 1145 3507; x_wconf 86' lang='lat' dir='ltr'><strong><em>V;</em></strong></span> 
     </span>
     <span class='ocr_line' id='line_1_32' title="bbox 128 3503 894 3579; baseline 0.001 -16"><span class='ocrx_word' id='word_1_292' title='bbox 128 3524 197 3565; x_wconf 82' lang='lat' dir='ltr'><strong>corr.</strong></span> <span class='ocrx_word' id='word_1_293' title='bbox 216 3527 244 3579; x_wconf 89' lang='lat' dir='ltr'><strong><em>p.</em></strong></span> <span class='ocrx_word' id='word_1_294' title='bbox 317 3515 359 3565; x_wconf 73' lang='lat'><strong><em>26.</em></strong></span> <span class='ocrx_word' id='word_1_295' title='bbox 379 3503 451 3579; x_wconf 80' lang='grc' dir='ltr'><strong><em>ἅτιό]</em></strong></span> <span class='ocrx_word' id='word_1_296' title='bbox 469 3523 517 3575; x_wconf 86' lang='lat' dir='ltr'><strong><em>pc,</em></strong></span> <span class='ocrx_word' id='word_1_297' title='bbox 536 3503 574 3561; x_wconf 84' lang='grc' dir='ltr'><strong><em>πό</em></strong></span> <span class='ocrx_word' id='word_1_298' title='bbox 593 3513 658 3576; x_wconf 84' lang='lat' dir='ltr'>post</span> <span class='ocrx_word' id='word_1_299' title='bbox 675 3525 729 3566; x_wconf 79' lang='grc' dir='ltr'><strong><em>τεο.</em></strong></span> <span class='ocrx_word' id='word_1_300' title='bbox 750 3516 763 3563; x_wconf 97' lang='grc'>1</span> <span class='ocrx_word' id='word_1_301' title='bbox 784 3509 840 3567; x_wconf 62' lang='lat' dir='ltr'><strong>litt</strong></span> <span class='ocrx_word' id='word_1_302' title='bbox 859 3510 894 3565; x_wconf 88' lang='lat' dir='ltr'><strong><em>V.</em></strong></span> 
     </span>
    </p>
   </div>
   <div class='ocr_carea' id='block_1_5' title="bbox 0 0 1228 3892">
    <p class='ocr_par' dir='ltr' id='par_1_10' title="bbox 0 0 1228 3892">
     <span class='ocr_line' id='line_1_33' title="bbox 0 0 1228 3892; baseline 0 0"><span class='ocrx_word' id='word_1_303' title='bbox 0 0 1228 3892; x_wconf 95' lang='lat' dir='ltr'><strong><em> </em></strong></span> 
     </span>
    </p>
   </div>
   <div class='ocr_carea' id='block_1_6' title="bbox 601 3822 713 3864">
    <p class='ocr_par' dir='ltr' id='par_1_11' title="bbox 601 3822 713 3864">
     <span class='ocr_line' id='line_1_34' title="bbox 601 3822 713 3864; baseline 0 0"><span class='ocrx_word' id='word_1_304' title='bbox 601 3822 713 3864; x_wconf 55' lang='lat' dir='ltr'><em>A</em></span> 
     </span>
    </p>
   </div>
  </div>
 </body>
</html>
