2438 3892
125 176 168 241 86
519 176 686 230 mmm
703 168 745 230 α’.

125 323 215 387 ἔστιν
244 315 288 399 ὥς
315 316 336 406 ῆ
365 327 431 386 BA
458 318 543 408 πρὸς
565 326 645 404 ΛΖ,
674 315 780 396 οὕτως
807 317 843 384 τὸ
874 311 939 383 ἀπὸ
964 322 1031 383 BA
1058 315 1142 404 πρὸς

124 426 161 504 τὸ
189 425 254 494 ιἰπὸ
279 433 361 513 ΛΔ,
389 425 538 494 τουτέστι
561 426 598 493 τὸ
624 423 689 493 νἰπὸ
715 431 782 492 BA
805 422 889 512 πρὸς
911 423 947 490 τὸ
974 419 1040 490 ἀπὸ
1065 429 1140 489 ΛΖ.

125 529 170 612 ὡς
198 531 235 600 δὲ
262 532 299 601 τὸ
329 530 393 600 νἰπδ
419 539 486 600 ΒΛ
513 532 598 618 πρὸς
620 531 657 599 τὸ
683 528 748 598 νἰπὸ
774 537 854 616 ΔΖ,
883 527 990 608 οὕτως
1011 529 1050 596 τὸ
1075 527 1139 596 ἀπὸ

124 644 191 706 ΒΓ
208 635 293 724 πρδς
315 640 352 706 τὸ
378 635 545 724 ἆπδΖΗ,
568 635 614 718 ὡς
638 637 675 705 δὲ
698 635 718 723 ῆ
738 644 804 705 AB
827 637 911 725 πρὸς
929 643 1009 720 ΑΖ,
1035 633 1140 714 οὕτως

89 769 161 819 ετο
181 742 246 813 ὑπὸ
267 751 382 813 ΒΑΜ
394 742 478 833 πρὸς
495 742 532 812 τὸ
552 742 617 812 ὑπὸ
639 751 757 813 ΖΛΜ
794 740 839 823 ὡς
857 741 922 831 ἄρα
941 742 978 809 τὸ
994 740 1060 810 ἀπὸ
1078 747 1142 810 ΒΓ

124 851 208 940 πρὸς
230 851 267 919 τὸ
292 849 357 919 οἷπὸ
383 857 464 936 ΖΗ,
489 849 595 930 οὕτως
617 848 654 918 τὸ
679 848 744 919 ὑπὸ
769 857 884 917 ΒΑΜ
902 850 987 936 πρὸς
1008 849 1048 917 τὸ
1072 846 1138 916 ὑπὸ

125 965 246 1025 ΖΛΜ·
283 958 338 1025 καὶ
354 955 505 1042 ἐναλλάξ,
522 954 566 1036 ὡς
579 958 616 1024 τὸ
633 956 699 1026 νἰπδ
715 963 780 1024 ΒΓ
790 957 874 1045 πρὸς
886 954 923 1023 τὸ
938 952 1004 1022 ὑπὸ
1020 962 1140 1041 ΒΑΜ,

125 1063 231 1142 οὕτως
248 1065 285 1131 τὸ
306 1061 370 1131 νἰπδ
391 1071 463 1132 ΖΗ
476 1061 559 1151 πρὸς
576 1064 613 1131 τὸ
635 1061 699 1131 ὑπὸ
721 1070 837 1131 ΖΛΜ
874 1064 911 1129 τὸ
932 1061 969 1128 δὲ
988 1058 1053 1130 ἀπὸ
1075 1068 1145 1129 ΖΗ

124 1177 200 1237 ίσον
218 1174 263 1261 τῷ
282 1167 347 1238 ὑπὸ
364 1177 478 1238 ΖΛΜ
491 1167 547 1237 διὰ
565 1168 627 1257 τῆν
641 1168 760 1256 τομῆν·
792 1170 849 1237 καί
863 1170 899 1236 τὸ
916 1168 980 1236 ἀπὸ
996 1173 1063 1235 ΒΓ
1073 1166 1138 1257 ἄρα

28 1267 33 1276 ’
72 1299 105 1350 10
125 1283 201 1344 ίσον
229 1277 298 1346 ἐστὶ
326 1281 374 1371 τῷ
400 1274 465 1345 ὑπδ
489 1283 607 1345 ΒΑΜ
657 1283 780 1362 πλαγία
808 1275 846 1343 δὲ
872 1273 893 1362 ῆ
918 1283 1008 1360 ΛΜ,
1036 1301 1139 1361 παρα-

123 1385 331 1472 τεταγμένως
353 1385 391 1453 δὲ
413 1382 434 1471 ῆ
454 1391 524 1452 ΒΓ.
560 1381 581 1470 ῆ
608 1382 673 1470 ἄρα
691 1384 775 1469 τομῆ
797 1388 924 1472 ἔρχεται
944 1379 999 1450 διὰ
1017 1394 1082 1451 τοῦ
1103 1387 1139 1468 Γ,

123 1493 179 1560 καὶ
202 1498 379 1580 συμπίπτει
402 1496 441 1580 τῆ
465 1501 548 1580 τομῆ
571 1488 592 1577 ῆ
618 1496 684 1557 ΓΛ
706 1490 788 1558 κατὰ
811 1487 849 1557 τὸ
873 1495 909 1558 Γ.

598 1712 664 1771 κη.

189 1807 268 1876 Ἐὰν
305 1811 421 1876 εὐθεῖα
458 1809 640 1895 ἐφάπτηται
677 1813 755 1896 μιᾶς
788 1813 855 1876 τῶν
888 1807 1140 1896 ἀντικειμένων,

72 1938 104 1989 15
124 1918 241 2003 ληφθῆ
266 1916 306 1982 δέ
325 1941 356 1982 τι
380 1929 518 2002 σημεῖον
542 1914 637 1995 έντὸς
659 1919 718 2001 τῆς
740 1916 852 2003 ἑτέρας
875 1919 987 2002 τομῆς,
1011 1916 1067 1984 καὶ
1093 1915 1138 1984 δι’

124 2018 229 2089 αὐτοῦ
262 2020 474 2110 παράλληλος
502 2019 591 2111 ἀχθῇ
620 2026 659 2112 τῆ
688 2024 899 2110 ἐφαπτομένῃ
928 2020 1060 2109 εὐθεῖα,
1090 2025 1140 2092 ἐκ·

123 2129 312 2216 βαλλομένη
337 2126 390 2214 ἐφ’
413 2127 550 2215 ἑκάτερα
573 2143 786 2215 συμπεσεῖται
810 2133 849 2218 τῆ
872 2133 965 2218 τομῆ.

191 2240 340 2303 ἔστωσαν
359 2231 592 2323 νἰντικείμεναι,
611 2227 660 2303 οἷν
679 2233 700 2322 ῆ
721 2244 784 2303 ΑΒ
805 2235 990 2324 διάμετρος,
1008 2236 1062 2303 καὶ
1083 2241 1142 2323 τῆς

124 2352 156 2412 Α
183 2346 285 2431 τομῆς
313 2343 511 2428 ἐφαπτέσθω
540 2369 590 2422 τις
613 2339 730 2410 εὐθεῖα
751 2339 772 2429 ῆ
796 2348 877 2428 ΓΑ,
906 2342 960 2409 καὶ
985 2343 1139 2430 είλῆφθω

73 2474 108 2523 20
126 2477 156 2518 τι
181 2464 319 2537 σημεῖον
343 2446 437 2529 ἐντὸς
459 2453 517 2536 τῆς
541 2449 653 2536 ἑτέρας
676 2453 778 2536 τομῆς
800 2450 838 2516 τὸ
856 2457 896 2534 Ε,
919 2448 974 2515 καὶ
999 2447 1056 2516 διὰ
1079 2452 1142 2518 τοῦ

125 2567 157 2626 E
177 2563 217 2646 τῆ
241 2564 307 2625 ΓΑ
330 2556 542 2645 παράλληλος
564 2555 659 2644 ῆχθω
684 2554 704 2642 ῆ
729 2564 800 2623 ΒΖ.
844 2558 938 2642 λέγω,
962 2556 1013 2623 ὅτι
1037 2553 1057 2642 ῆ
1078 2564 1141 2623 ΕΖ

126 2665 350 2752 ἐκβαλλομένη
375 2661 429 2749 ἐφ’
456 2663 594 2748 ἑκάτερα
618 2677 831 2750 συμπεσεῖται
854 2672 893 2750 τῇ
918 2664 1010 2749 τομῆ.

192 2771 261 2837 ἐπεὶ
291 2763 354 2838 οὖν
383 2772 561 2856 δέδεικται,
594 2768 644 2838 ὅτι
671 2767 691 2856 ῆ
716 2776 782 2837 ΓΛ
810 2770 1034 2854 ἐκβαλλομένη
1059 2787 1141 2856 συμ

125 2890 270 2943 πεσεῖται
294 2881 333 2965 τῆ
358 2884 423 2943 ΛΒ
448 2878 627 2968 διαμέτρῳ,
654 2881 712 2943 καί
732 2878 800 2944 ἐστι
823 2875 1034 2961 παράλληλος
1057 2875 1140 2965 αὐτῆ

70 3004 105 3054 25
124 2977 144 3067 ῆ
164 2988 241 3067 ΕΖ,
264 2979 285 3067 ῆ
305 2990 367 3049 ΕΖ
391 2981 456 3071 ἄρα
480 2983 703 3070 ἐκβαλλομένη
729 2996 941 3068 συμπεσεῖται
964 2992 1004 3071 τῇ
1029 2984 1139 3070 διαμέ-

123 3108 206 3178 τρφ·
248 3090 456 3175 συμπιπτέτω
480 3088 561 3156 κατὰ
586 3088 622 3158 τὸ
642 3096 687 3175 Η,
710 3088 765 3155 καὶ
789 3092 828 3177 τῆ
847 3095 914 3155 ΗΒ
939 3098 993 3175 ίση
1012 3095 1139 3157 κείσθω

124 3191 145 3280 ῆ
173 3201 252 3279 ΛΘ,
285 3194 339 3261 καὶ
371 3193 426 3262 διὰ
454 3200 515 3262 τοῦ
545 3203 573 3262 Θ
599 3200 638 3285 τῆ
667 3203 731 3263 ΖΒ
756 3194 967 3281 παράλληλος
994 3194 1090 3282 ῆχθω
1119 3193 1139 3281 ῆ

197 3395 221 3446 1.
245 3391 310 3462 AZ]
335 3391 374 3445 sic
393 3390 427 3458 V,
450 3391 499 3446 sed
519 3407 569 3460 pro
589 3396 610 3445 Z
633 3392 691 3447 alia
708 3392 799 3447 forma
818 3390 942 3446 eiusdem
962 3391 1075 3446 litterae
1094 3407 1137 3446 re·

125 3462 226 3516 stituta
239 3479 323 3516 manu
340 3468 363 3518 1.
418 3467 443 3515 2.
463 3460 721 3535 τουτέστι-ΑΖ]
738 3462 829 3530 bisV3
849 3479 917 3517 corr.
934 3478 980 3532 cp.
1037 3470 1062 3518 3.
1082 3464 1136 3533 Mg.

125 3528 187 3604 [σιὰ
208 3529 251 3605 ε’]
270 3538 320 3589 τοῦ
342 3529 370 3592 ς’
385 3551 422 3589 m.
438 3540 452 3588 1
471 3533 504 3588 V.
596 3541 619 3588 τ.
640 3536 743 3607 ΒΑΜ]
767 3538 857 3588 ΑΒΜ
871 3533 909 3602 ν,
930 3550 1000 3588 corr.
1019 3533 1138 3590 Memus.
