2438 3892
129 160 172 224 30
525 159 693 214 ΚΩΝΙΚΩΝ
710 154 751 216 α’.

128 299 200 368 κατ’
222 299 360 368 εὐθεῖαν
384 299 468 389 πρὸς
492 298 600 390 ὀρθὰς
623 293 730 369 οὖσαν
750 303 790 389 τῇ
808 297 907 385 βώσει
927 306 997 371 τοῦ
1019 303 1082 373 διὰ
1098 318 1157 374 τοῦ

128 405 247 488 ἄξονος
270 403 449 492 τριγώνου,
473 404 494 492 ἡ
519 406 557 474 δέ
580 405 757 496 διάμετρος
774 409 832 493 τῆς
849 409 1047 496 γινομένης
1066 414 1104 480 ἐν
1121 416 1158 500 τῇ

128 500 306 602 ἐπιφανείᾳ
329 517 434 599 τομής
456 509 530 599 ήτοι
553 511 643 597 παρὰ
667 518 747 599 μίαν
769 505 876 600 ήτών
893 518 961 581 τοῦ
981 517 1158 604 τριγώνου

126 623 282 708 πλευρῶν
314 616 335 705 ή
370 625 538 706 συμπίπτῃ
571 615 654 706 αὐτῇ
689 617 782 698 ἐκτὸς
811 620 869 704 τής
898 635 1069 712 κορυφῆς
1099 628 1156 695 τοῦ

92 746 108 794 σ
127 726 251 810 κώνου,
273 725 559 813 προσεκβώλληται
584 725 622 792 δέ
644 724 667 811 ή
690 751 726 792 τε
748 735 808 792 τοῦ
831 723 947 794 κώνου
966 729 1154 818 ἐπιφάνεια

126 837 182 900 καὶ
204 831 242 900 τὸ
266 833 389 918 τέμνον
413 835 570 900 ἐπίπεδον
590 836 642 911 ἐίς
664 830 822 920 ἄπειρον,
848 832 905 899 καὶ
933 830 957 918 ή
987 838 1083 926 τομὴ
1111 845 1153 921 εἰς

100 944 102 949 ’
127 939 267 1023 ἄπειρον
286 936 524 1025 αὐξηθήσεται,
542 939 599 1006 καὶ
618 935 683 1006 ἀπὸ
698 943 757 1025 τῆς
771 940 955 1026 διαμέτρου
968 946 1036 1029 τῆς
1053 949 1151 1033 τομῆς

76 1050 80 1055 ’
126 1044 210 1131 πρὸς
236 1048 276 1133 τή
304 1048 437 1132 κορυφῇ
465 1044 554 1133 πάσῃ
582 1050 622 1134 τῇ
651 1050 792 1134 δοθείσῃ
816 1045 937 1136 εὐθείᾳ
963 1056 1052 1136 ίσην
1076 1049 1151 1120 ἄπο

125 1151 269 1237 λήψεταί
288 1176 338 1229 τις
362 1151 479 1218 εὐθεῖα
498 1149 645 1237 ἀγομένη
665 1150 727 1220 ἄπί
749 1156 808 1239 τής
826 1156 888 1220 τοῦ
905 1153 1032 1223 κώνου
1050 1162 1148 1245 τομῆς

72 1276 105 1326 10
125 1256 215 1343 παρὰ
237 1255 301 1344 τήν
326 1259 362 1324 ἐν
386 1261 425 1345 τῇ
449 1254 545 1342 βάσει
567 1262 629 1325 τοῦ
653 1256 768 1326 κώνου
791 1256 940 1328 εὐθεῖαν.

193 1367 276 1431 ἔστω
298 1368 418 1451 κώνος,
443 1355 484 1432 οὗ
506 1363 639 1452 κορυφή
663 1364 725 1451 μέν
747 1363 786 1432 τὸ
810 1374 842 1431 A
865 1380 1029 1455 σημεῖον,
1054 1369 1145 1456 βάσις

125 1471 163 1538 δέ
178 1467 196 1538 ὁ
211 1477 277 1538 ΒΓ
292 1470 424 1557 κύκλος,
443 1472 499 1539 καὶ
512 1469 688 1558 τετμήσθω
705 1474 848 1563 ἐπιπέδῳ
864 1469 920 1539 διὰ
935 1476 1000 1541 τοῦ
1016 1473 1144 1558 ἄξονος,

123 1578 180 1645 καὶ
202 1582 338 1645 ποιείτω
367 1577 474 1665 τομήν
501 1577 540 1645 τὸ
563 1583 668 1644 ΑΒΓ
692 1584 871 1667 τρίγωνον·
902 1580 1088 1666 τετμήσθω
1111 1581 1144 1649 δὲ

124 1684 180 1750 καὶ
215 1685 314 1773 ἑτέρῳ
348 1686 492 1774 ἐπιπέδῳ
529 1685 684 1771 τέμνοντι
717 1682 778 1752 τὸν
810 1690 878 1752 ΒΓ
908 1684 1042 1755 κύκλον
1075 1685 1141 1756 κατ’

72 1808 105 1856 15
125 1786 265 1855 εὐθεῖαν
279 1786 343 1874 τήν
358 1796 430 1856 ΔΕ
445 1789 530 1877 πρὸς
544 1788 653 1878 ὀρθὰς
668 1783 776 1859 οὖσαν
789 1795 830 1879 τή
844 1795 916 1876 ΒΓ,
935 1792 993 1859 καὶ
1008 1801 1142 1864 ποιείτω

123 1892 233 1980 τομήν
256 1897 293 1962 ἐν
311 1899 352 1982 τῇ
372 1897 550 1986 ἐπιφανείᾳ
567 1895 630 1983 τήν
651 1906 684 1964 Δ
692 1904 755 1965 ΖΕ
775 1896 947 1986 γραμμήν·
973 1896 994 1985 ἡ
1019 1901 1061 1969 δέ
1079 1900 1144 1969 διώ·

124 2024 242 2086 μετρος
264 2005 323 2087 τής
342 2009 446 2069 ΔΖΕ
466 2007 568 2089 τομής
591 2001 612 2089 ἡ
633 2011 705 2071 ΖΗ
723 2003 798 2090 ἤτοι
821 2002 1040 2092 παράλληλος
1065 2013 1142 2077 ἔστω

123 2109 163 2194 τῇ
187 2102 297 2192 ΑΓή
322 2109 545 2196 ἐκβαλλομένη
571 2112 781 2197 συμπιπτέτω
806 2108 889 2198 αὐτή
913 2109 1010 2191 ἐκτὸς
1034 2119 1144 2182 τοῦΑ

124 2217 274 2299 σημείου.
311 2215 407 2300 λέγω,
428 2212 479 2282 ὅτι
498 2220 564 2301 καί,
584 2215 643 2283 ἐὰν
662 2214 684 2303 ή
702 2242 737 2284 τε
756 2220 817 2284 τοῦ
835 2217 949 2284 κώνου
964 2218 1144 2307 ἐπιφάνεια

71 2339 108 2389 20
127 2319 183 2386 καὶ
206 2319 243 2387 τὸ
267 2320 389 2406 τέμνον
413 2323 571 2389 ἐπίπεδον
591 2322 788 2408 ἐκβαλληται
807 2328 854 2403 είς
871 2319 1027 2411 ἄπειρον,
1052 2324 1144 2414 καλή

125 2433 229 2494 ΔΖΕ
248 2424 333 2512 τομή
358 2431 405 2507 είς
427 2425 567 2517 ἄπειρον
591 2427 828 2515 αὐξηθήσεται.

192 2532 406 2619 ἐκβεβλήσθω
430 2533 495 2620 γὰρ
519 2532 541 2621 ή
563 2560 598 2602 τε
616 2539 677 2603 τοῦ
695 2534 809 2603 κώνου
828 2534 1008 2621 ἐπιφάνεια
1028 2541 1089 2608 καὶ
1108 2567 1142 2609 το

123 2639 246 2725 τέμνον
266 2641 437 2708 ἐπίπεδον·
461 2640 611 2727 φανερὸν
631 2643 684 2727 δή,
704 2640 755 2710 ὅτι
769 2643 823 2709 καλ
839 2645 876 2708 αί
888 2651 920 2710 A
926 2649 966 2728 Β,
982 2652 1064 2732 ΑΓ,
1080 2654 1144 2715 ΖΗ

124 2744 467 2831 συνεκβληθήσονται.
504 2747 573 2815 ἐπεὶ
597 2744 617 2833 ή
639 2755 710 2814 ΖΗ
729 2752 768 2836 τή
788 2753 857 2816 ΑΓ
874 2745 949 2834 ήτοι
973 2755 1143 2839 παράλλη-

71 2869 105 2918 25
125 2847 183 2928 λός
207 2850 296 2916 ἐστιν
320 2845 341 2935 ή
366 2853 590 2939 ἐκβαλλομένη
615 2859 791 2940 συμπίπτει
815 2851 899 2942 αὐτή
920 2853 1016 2934 ἐκτὸς
1036 2864 1144 2928 τοῦΑ
1169 2916 1172 2921 .

125 2960 275 3040 σημείου,
296 2958 333 3023 αλ
346 2964 423 3043 ΖΗ,
438 2966 508 3025 ΑΓ
521 2957 586 3046 ἄρα
606 2959 846 3047 ἐκβαλλόμεναι
867 2957 911 3039 ὡς
930 2960 983 3027 ἐπὶ
998 2962 1040 3030 τὰ
1057 2972 1099 3053 Γ,
1113 2972 1147 3034 Η

124 3060 207 3146 μέρη
228 3057 387 3129 οὐδέποτε
403 3070 659 3151 συμπεσουνται.
694 3065 975 3195 ἐκβεβλήσθωᾳαν
991 3093 1072 3157 ουν,
1090 3073 1144 3140 καί

125 3167 278 3253 είλήφθω
302 3194 333 3235 τι
358 3183 496 3256 σημεῖον
520 3171 571 3238 ἐπὶ
595 3175 653 3258 τῆς
673 3179 744 3239 ΖΗ
762 3171 864 3260 τυχὸν
887 3171 986 3257 τὸΘ,
1010 3179 1073 3245 καὶ
1089 3178 1142 3246 διὰ

195 3369 274 3416 4.ν
241 3364 539 3490 <svmmvm
437 3366 661 3433 ,σνμπίπτειῑὶ
716 3372 859 3436 5.κπροσε
880 3364 1009 3440 ώλληται]
1026 3373 1120 3444 scripu
1121 3375 1141 3440 i3

124 3436 248 3517 προσεκβ
232 3434 318 3559 βαλήτ
320 3455 350 3488 αι

124 3521 176 3574 σος
196 3506 281 3577 τῇλῑ.

526 3431 730 3508 ἐκβαλῆταιλῖ
750 3454 820 3494 corr
867 3439 948 3506 alley.
1015 3446 1061 3499 28.
1082 3445 1142 3517 τῆς]
