2438 3892
373 185 589 238 comcouun
606 187 715 239 nmen
733 188 769 243 11.
1010 192 1073 255 241

126 324 173 391 sit
194 326 319 410 ellipsis
342 327 395 393 uel
418 329 556 394 circulus
579 333 659 409 ΑΒ,
687 330 942 417 contingantque
965 337 1077 419 ΓΑΔ,

59 434 172 515 ΕΒΖ,
204 437 238 497 et
270 433 406 499 ducatur
437 439 502 499 AB
536 436 692 521 cadatque
719 439 809 522 prius
835 461 894 523 per
921 445 1077 506 centrum.

60 536 148 622 dico,
170 540 238 603 ΓΔ
261 542 294 603 et
317 542 379 603 ΕΖ
402 541 577 624 parallelas
601 563 680 606 esse.

126 666 205 709 nam
239 645 393 729 quoniam
424 651 491 711 AB
523 646 699 713 diametrus
731 652 885 717 sectionis
915 655 978 736 est,
1011 656 1077 717 ΓΔ

61 754 171 816 autom
204 751 238 815 in
269 755 302 814 A
335 754 510 837 contingit,
542 756 609 817 ΓΔ
638 755 735 819 rectis
763 755 804 820 ad
834 761 899 821 AB
928 758 1077 825 ordinate

727 859 831 926 ductis
852 864 1010 946 parallelo
1028 869 1079 930 est

726 967 851 1050 [1,17].
888 969 1000 1034 eadem
1017 970 1079 1056 igi-

725 1078 779 1139 tur
799 1074 837 1138 de
861 1098 959 1141 causa
980 1078 1079 1142 etiam

727 1181 1080 1267 BZiisdemparalleIa

640 1248 671 1298 B
728 1293 786 1351 est.
815 1308 893 1373 ergo
909 1289 1008 1354 etium
1018 1293 1081 1353 ΓΔ

668 1434 691 1484 Z
728 1395 760 1455 et
799 1396 863 1456 EZ
904 1395 1081 1479 parallelae

728 1500 805 1561 sunt
831 1499 937 1579 [Eucl.
960 1501 989 1582 I,
1013 1502 1082 1582 30].

374 923 682 975 ΛΘΚ

616 1037 645 1083 Ε

795 1604 861 1669 iam
871 1611 932 1671 AB
943 1630 1001 1691 per
1011 1629 1082 1672 cen-

727 1714 815 1774 trum
843 1733 884 1776 ne
907 1712 1015 1796 cadat,
1047 1717 1083 1777 ut

730 1816 766 1880 in
801 1818 940 1883 secunda
976 1819 1083 1906 figura

63 1924 130 2004 est,
166 1924 199 1985 et
231 1921 368 1987 ducatur
398 1922 576 1987 diametrus
606 1926 690 2008 Au,
722 1945 780 2008 per
808 1928 837 1988 Θ
869 1927 977 1990 autem
1009 1948 1083 1992 con·

62 2027 196 2112 tingens
229 2031 264 2092 K
271 2031 359 2111 ΘΛ;
395 2029 506 2113 iaque
538 2032 573 2093 Κ
580 2033 612 2092 Λ
644 2035 677 2094 et
704 2033 770 2093 ΓΛ
801 2033 976 2114 parallelae
1008 2037 1084 2097 sunt

64 2134 109 2214 [u.
135 2135 257 2216 supra].
303 2154 381 2218 ergo
407 2135 470 2199 ΕΖ
493 2135 649 2220 producta
673 2158 746 2202 cum
770 2141 838 2201 ΓΛ
860 2143 1029 2204 concurret
1050 2140 1085 2202 in

63 2237 179 2303 eadem
206 2242 299 2323 parte
326 2240 443 2324 centri,
471 2241 504 2306 in
533 2264 596 2327 qua
619 2246 670 2306 est
693 2246 758 2306 AB
783 2244 889 2323 [Eucl.
912 2244 929 2307 I
954 2249 1016 2308 αἴτ.
1040 2243 1083 2324 5].

57 1786 657 1850 neas-Aa

498 2434 652 2499 XXVIII.

135 2553 170 2621 Si
197 2556 232 2620 in
259 2558 333 2623 coni
362 2558 504 2623 sectione
531 2559 584 2623 uel
613 2559 732 2622 circulo
758 2562 848 2622 recta
872 2558 981 2641 aliqua
1004 2557 1084 2621 duas

63 2665 173 2727 rectus
209 2664 384 2747 parallelas
420 2665 455 2727 in
490 2664 586 2728 binas
622 2667 733 2747 partes
767 2666 872 2745 secat,
909 2662 1086 2728 diametrus

66 2768 223 2833 sectionis
246 2770 319 2833 erit

133 2874 169 2937 in
198 2874 270 2953 coni
300 2875 441 2941 sectione
466 2874 553 2939 enim
577 2873 659 2938 duae
681 2877 788 2939 rectae
811 2873 988 2958 parallelae
1011 2882 1087 2960 ΑΒ,

66 2982 135 3045 ΓΛ
161 2979 198 3043 in
225 2984 269 3064 E,
296 2985 323 3044 Z
356 2982 390 3045 in
421 2980 516 3044 binas
544 2984 652 3063 partes
680 2980 832 3064 aequales
860 2986 1021 3067 secentur,
1054 2989 1087 3048 et

66 3084 165 3151 ducta
201 3090 263 3150 ΕΖ
300 3087 509 3170 producatur.
564 3086 654 3168 dico,
691 3107 763 3149 eam
795 3086 986 3152 diametrum
1021 3112 1087 3154 sec-

67 3192 169 3258 tionis
193 3213 273 3257 esse.

133 3319 214 3363 nam
243 3300 272 3364 si
299 3301 421 3384 minus,
449 3300 492 3365 sit
519 3303 635 3382 ΗΘΖ,
663 3299 690 3363 si
718 3298 789 3363 fieri
816 3304 932 3383 potest.
978 3302 1088 3385 itaque

66 3406 160 3469 rectu
198 3403 235 3468 in
276 3408 312 3468 H
352 3408 545 3493 contingens
586 3407 694 3469 rectae
735 3408 802 3468 AB
843 3405 1000 3488 parallela
1039 3412 1089 3470 est

69 3512 175 3595 [prop.
198 3508 348 3592 v-vfl.
384 3534 483 3596 quare
506 3512 619 3578 eadem
642 3512 749 3575 rectae
773 3512 839 3573 ΓΔ
862 3509 1019 3591 parallelo
1040 3516 1090 3576 est

122 3622 316 3678 Apollonius,
329 3625 364 3666 cd.
378 3627 487 3677 Hottorg.
895 3616 928 3663 13
