2438 3892
536 142 704 195 ΚΩΝΙΚΩΝ
723 136 762 197 α’.

503 297 612 386 Ὅροι
635 304 792 386 πρῶτοι.

205 421 285 492 Ἐὰν
305 423 371 493 ἀπό
396 451 488 504 τινος
511 431 652 512 σημείου
676 423 759 511 πρὸς
781 425 907 493 κύκλου
930 429 1169 514 περιφέρειαν,

142 528 180 611 ὃς
203 529 266 600 οὐκ
289 537 379 599 έστιν
403 536 440 600 έν
462 543 508 624 τῷ
534 530 623 624 αὐτῷ
649 535 791 623 έπιπέθῳ
814 537 860 623 τῷ
880 538 1019 623 σημείῳ,
1046 533 1169 604 εὐθεῖα

142 641 371 725 ἐπιζευχθεῖσα
399 636 452 724 ἐφ’
480 639 618 725 ἑκάτερα
640 642 893 727 προσεκβληθῆ,
920 639 976 705 καὶ
1001 641 1169 725 μένοντος

104 749 201 814 5τοῦ
233 753 374 831 σημείου
406 742 426 830 ῆ
463 743 581 812 εὐθεῖα
612 755 866 832 περιενεχθείσα
897 745 973 833 περὶ
1006 744 1075 834 τῆν
1106 754 1168 818 τοῦ

139 850 266 918 κύκλου
288 852 506 937 περιφέρειαν
525 856 572 931 είς
593 850 632 920 τὸ
657 848 739 920 αὐτὸ
761 852 862 919 πάλιν
886 848 1167 945 ἀποκατασταθῇ,

141 954 226 1023 ὅθεν
244 954 366 1042 ῆρξατο
387 959 562 1044 φέρεσθαι,
581 956 643 1044 τῆν
658 972 847 1045 γραφεῖσαν
865 957 931 1026 ὑπὸ
951 961 1012 1043 τῆς
1026 957 1167 1042 εὐθείας

140 1063 354 1148 ἐπιφάνειαν,
391 1060 412 1149 ῆ
452 1064 621 1149 σύγκειται
659 1068 695 1133 έκ
732 1064 795 1133 δύο
834 1067 1043 1150 ἐπιφανειῶν
1082 1067 1166 1136 κατὰ

140 1167 295 1255 κορυφὴν
319 1167 478 1255 ἀλλήλαις
500 1172 678 1257 κειμένων,
712 1161 760 1239 ὧν
787 1171 924 1256 ἑκατέρα
947 1175 996 1251 εἰς
1019 1171 1164 1260 ἀπειρον

87 1298 120 1346 10
140 1272 273 1354 αὔξεται
299 1279 359 1360 τῆς
386 1276 583 1362 γραφούσης
611 1275 748 1356 εὐθείας
776 1281 823 1355 είς
850 1275 990 1365 ἀπειρον
1020 1300 1164 1364 προσεκ·

139 1384 362 1469 βαλλομένης,
395 1389 485 1453 καλῶ
514 1383 662 1470 κυνικὴν
691 1383 905 1468 ἐπιφάνειαν,
937 1388 1102 1472 κορυφὴν
1129 1387 1164 1456 δὲ

140 1487 242 1575 αὐτῆς
264 1488 302 1559 τὸ
327 1491 511 1578 μεμενηκὸς
535 1503 690 1577 σημεῖον,
724 1486 829 1569 ἄξονα
857 1488 894 1556 δέ
920 1488 983 1576 τῆν
1013 1489 1073 1558 διὰ
1103 1497 1164 1562 τοῦ

140 1603 280 1683 σημείου
298 1597 353 1664 καὶ
372 1601 434 1665 τοῦ
453 1599 594 1682 κέντρου
607 1600 668 1663 τοῦ
683 1595 809 1663 κύκλου
822 1594 991 1682 ἀγομένην
1008 1594 1162 1669 εὐθεῖαν.

205 1707 318 1770 κῶνον
337 1703 375 1769 δὲ
388 1702 426 1771 τὸ
446 1703 685 1790 περιεχόμενον
704 1709 814 1789 σχῆμα
827 1700 893 1770 ὑπό
907 1728 942 1771 τε
955 1707 1018 1770 τοῦ
1032 1704 1162 1776 κύκλου

88 1831 120 1878 15
140 1808 195 1873 καὶ
225 1813 284 1894 τῆς
311 1807 432 1894 μεταξὺ
460 1820 519 1896 τῆς
545 1835 581 1876 τε
609 1813 761 1896 κορυφῆς
787 1811 843 1877 καὶ
865 1813 924 1896 τῆς
946 1812 1008 1876 τοῦ
1031 1811 1162 1881 κύκλου

137 1920 350 2000 περιφερείας
362 1920 506 2001 κωνικῆς
521 1918 727 2002 ἐπιφανείας,
747 1914 902 2002 κορυφὴν
918 1915 955 1983 δέ
968 1920 1031 1984 τοῦ
1045 1919 1162 1989 κώνου

138 2017 175 2087 τὸ
200 2034 350 2107 σημεῖον,
376 2018 468 2089 ὃκαλ
491 2026 549 2108 τῆς
572 2024 770 2108 ἐπιφανείας
793 2022 861 2090 ἐστὶ
880 2021 1026 2108 κορυφή,
1051 2023 1160 2106 ἀξονα

138 2124 175 2192 δέ
197 2126 261 2212 τῆν
284 2126 349 2196 ἀπὸ
373 2132 432 2215 τῆς
454 2133 606 2215 κορυφῆς
633 2131 684 2196 ἐπὶ
712 2128 749 2196 τὸ
774 2131 914 2214 κέντρον
937 2131 1003 2213 Ιτοῦ
1028 2129 1161 2200 κύκλου

138 2230 306 2319 ἀγομένην
329 2231 480 2318 εὐθεῖαν,
503 2234 604 2319 βάσιν
629 2234 666 2302 δὲ
688 2233 750 2302 τὸν
772 2234 907 2303 κύκλου.

84 2360 119 2410 20
203 2344 272 2409 τῶν
296 2339 334 2407 δὲ
356 2340 477 2409 καίνων
502 2338 630 2428 ὀρθοὺς
654 2340 715 2428 μὲν
737 2344 828 2409 καλῶ
847 2339 926 2421 τοὺς
943 2339 1028 2428 πρὸς
1048 2341 1162 2432 ὀρθὰς

138 2451 274 2532 ἔχοντας
298 2460 369 2526 ταῖς
391 2446 511 2533 βάσεσι
533 2445 611 2527 τοὺς
635 2446 774 2533 ἀξονας,
803 2445 991 2535 σκαληνούς
1015 2448 1054 2516 δέ
1077 2450 1161 2533 τοὺς

83 2578 86 2582 ·
137 2557 181 2639 μῆ
206 2552 289 2640 πρὸς
313 2552 421 2640 ὀρθὰς
444 2557 581 2640 ἔχοντας
599 2567 672 2632 ταῖς
694 2553 813 2638 βάσεσι
836 2553 916 2633 τοὺς
939 2553 1071 2634 ἀξονας.

205 2659 313 2746 πάσης
340 2659 513 2746 καμπύλης
540 2663 709 2746 γραμμῆς,
738 2658 811 2745 ῆτις
838 2660 929 2726 ἐστὶν
953 2661 989 2726 έν
1013 2659 1064 2726 ένλ
1090 2665 1160 2731 ἐπι-

137 2766 238 2854 πέδῳ,
263 2766 442 2852 ὃιάμετρον
466 2766 526 2852 μὲν
550 2770 640 2834 καλοό
664 2763 819 2850 εὐθεῖαν,
843 2763 915 2851 ῆτις
937 2762 1065 2852 ῆγμένη
1089 2766 1160 2838 ἀπὸ

84 2892 119 2942 25
137 2873 196 2955 τῆς
228 2871 401 2956 καμπύλης
433 2877 586 2959 γραμμῆς
618 2871 726 2950 πάσας
757 2870 815 2950 τὰς
846 2868 1012 2957 ἀγομένας
1046 2875 1083 2938 έν
1117 2881 1160 2964 τῆ

137 2980 272 3063 γραμμῆ
296 2973 432 3055 εὐθείας
450 2974 567 3067 εὐθείᾳ
585 2978 652 3045 τινὶ
672 2977 904 3063 παραλλήλους
924 2981 1000 3063 δίχα
1020 2979 1160 3068 διαιρεῖ,

136 3082 291 3170 κορυφὴν
325 3082 362 3150 δὲ
393 3087 451 3169 τῆς
479 3088 631 3170 γραμμῆς
663 3082 700 3150 τὸ
730 3087 831 3170 πέρας
863 3088 921 3170 τῆς
953 3081 1090 3165 εὐθείας
1120 3088 1159 3157 τὸ

136 3187 219 3274 πρὸς
246 3198 285 3277 τῇ
314 3193 464 3278 γραμμῆ,
496 3192 702 3276 τεταγμένως
731 3189 767 3256 δέ
796 3190 849 3258 ἐπὶ
876 3190 938 3276 τῆν
972 3189 1160 3280 διάμετρον

136 3300 301 3382 κατῆχθαι
325 3295 467 3382 ἑκάστην
490 3299 558 3364 τῶν
581 3294 813 3382 παραλλήλων.

208 3498 249 3545 29.
269 3471 435 3561 ιιατῆγθαι]Ι
447 3491 508 3560 εγλΙ.
525 3512 555 3545 αι
574 3507 664 3561 comp.
680 3490 715 3559 V,
735 3509 790 3560 mg.
808 3509 843 3547 m.
859 3507 912 3545 rec.
928 3493 1017 3559 ,χθαι
1033 3533 1037 3544 .
1052 3534 1076 3546 ..
1094 3500 1159 3550 17“.
