2438 3892
127 149 190 214 168
522 150 688 205 mmm}
707 147 748 204 α’.

124 290 163 359 τὸ
192 292 230 358 ἐν
257 293 303 382 τῷ
327 297 426 358 ΑΖΒ
454 289 499 378 μή
529 295 663 378 μείζονα
686 291 791 376 λόγον
815 296 903 378 ἔχειν
927 297 989 361 τοῦ
1014 289 1055 361 ὃν
1080 297 1143 380 ἔχει

126 394 145 483 v}
175 404 241 464 AB
268 396 351 484 πρὸς
378 402 456 485 ΒΓ,
487 398 543 464 καὶ
571 396 746 484 τετμήσθω
775 395 796 483 v}
824 405 925 465 ΑΕΒ
954 402 1033 485 δίχα
1060 398 1143 468 κατὰ

124 503 163 573 τὸ
187 512 232 591 Ε,
260 505 314 572 καῖ
342 501 438 592 ήχθω
467 501 531 572 ἀπὸ
560 507 621 571 τοῦ
645 511 677 571 Ε
703 504 756 571 ἐπὶ
778 503 841 590 τήν
865 512 931 572 ΑΒ
954 503 1101 585 κάθετος
1122 505 1142 591 ἡ

126 619 191 679 ΕΚ
216 611 272 679 καὶ
295 609 510 697 ἐκβεβλήσθω
535 609 588 677 ἐπὶ
610 606 647 676 τὸ
672 617 715 676 Λ·
763 609 939 699 διάμετρος
962 608 1029 695 ἄρα
1053 611 1143 679 ἐστίν

90 741 105 789 5
125 717 145 803 v}
166 724 240 785 EA.
283 721 313 784 εἴ
336 717 397 804 μὲν
422 709 485 785 οὖν
508 718 610 801 ἐστιν,
635 713 680 796 ὡς
702 713 723 801 v}
744 723 808 784 AB
831 719 915 802 πρὸς
933 722 1011 802 ΒΓ,
1035 715 1057 804 ἡ
1078 724 1145 786 ΕΚ

125 821 208 912 πρὸς
230 829 314 908 ΚΛ,
341 826 387 913 τῷ
411 828 443 887 Λ
469 817 513 889 ἂν
539 820 769 908 ἐχρησάμεθα,
798 826 828 889 εἴ
851 822 889 890 δὲ
911 821 968 909 μή,
993 826 1141 908 γινέσθω

126 927 172 1008 ὡς
198 927 219 1014 y}
244 936 310 996 AB
337 927 422 1013 πρὸς
444 933 522 1012 ΒΓ,
550 925 571 1013 y}
595 934 665 995 ΕΚ
690 927 774 1015 πρὸς
802 928 969 997 ε’λοίσσονα
992 933 1052 1015 τής
1076 935 1143 996 ΚΑ

125 1033 187 1121 τήν
210 1041 302 1120 ΚΜ,
330 1033 386 1101 καὶ
415 1035 471 1100 διὰ
498 1044 560 1101 τοῦ
584 1041 629 1100 M
650 1037 690 1123 vy}
712 1037 779 1102 AB
805 1035 1020 1121 παράλληλος
1047 1034 1140 1123 ήχθω

126 1139 146 1226 ἡ
168 1147 257 1226 ΜΖ,
285 1141 341 1207 καῖ
364 1139 617 1226 ἐπεζεύχθωσαν
640 1143 678 1207 αί
697 1144 779 1227 ΑΖ,
803 1149 881 1228 ΕΖ,
905 1149 983 1228 ΖΒ,
1007 1141 1064 1209 καὶ
1089 1141 1141 1209 διὰ

73 1271 106 1319 10
125 1256 185 1314 τοῦ
208 1252 237 1313 Β
260 1249 300 1334 vy}
325 1252 389 1314 ZE
409 1246 621 1333 παράλληλος
643 1244 664 1333 v}
683 1250 753 1324 ΒΞ.
791 1249 861 1317 ἐπεὶ
885 1240 948 1316 οὖν
973 1257 1029 1335 ἴση
1054 1249 1140 1317 ἐστίν

126 1350 146 1439 v}
176 1349 242 1420 ὑπὸ
271 1359 374 1420 ΑΖΕ
398 1357 505 1439 γωνία
531 1356 572 1440 vy}
600 1350 665 1420 ὑπὸ
691 1361 804 1440 ΕΖΒ,
833 1352 907 1421 ἀλλ’
938 1351 959 1440 v}
988 1354 1051 1442 μὲν
1078 1352 1139 1423 ὑπὸ

126 1467 229 1528 ΑΖΕ
253 1464 294 1548 vy}
322 1457 388 1528 ὑπὸ
418 1461 516 1536 ΑΞΒ
546 1461 636 1527 ἐστιν
665 1467 736 1565 ἴση,
765 1457 786 1546 v}
815 1461 852 1528 δὲ
879 1458 945 1528 ὑπὸ
977 1467 1077 1528 ΕΖΒ
1104 1463 1139 1549 πή

126 1564 192 1636 ὑπὸ
220 1569 316 1643 ΞΒΖ
344 1569 434 1635 ἐστιν
463 1575 534 1652 ἴση,
565 1567 621 1632 καῖ
649 1563 670 1651 y}
698 1564 764 1634 ὑπὸ
792 1569 887 1643 ΞΒΖ
915 1564 981 1655 ἄρα
1008 1571 1050 1656 vy}
1078 1565 1139 1635 ὑπὸ

126 1675 220 1749 ΖΞΒ
244 1677 333 1742 ἐστιν
358 1681 427 1759 ἴση·
465 1681 520 1758 ἴση
544 1669 610 1756 ἄρα
632 1672 688 1739 καὶ
707 1669 727 1757 ἡ
748 1679 810 1740 ΖΒ
828 1676 868 1762 vy}
888 1675 956 1749 ΖΞ.
993 1678 1139 1741 νοείσθω

76 1801 109 1850 15
127 1781 246 1863 κῶνος,
271 1769 312 1845 οὗ
335 1775 468 1864 κορυφή
492 1776 554 1863 μὲν
576 1776 614 1845 τὸ
635 1784 663 1844 Ζ
683 1795 833 1866 σημεῖον,
857 1778 954 1865 βάσις
973 1779 1012 1847 δὲ
1031 1777 1049 1847 ὁ
1069 1780 1140 1868 περὶ

125 1882 187 1970 τήν
215 1885 280 1958 ΒΞ
306 1881 486 1967 διάμετρον
514 1881 636 1963 κύκλος
656 1882 771 1970 Ιὀρθὸς
798 1880 847 1953 ὢν
873 1884 957 1972 πρὸς
984 1884 1022 1954 τὸ
1047 1888 1144 1962 ΒΖΞ

124 1993 304 2075 τρίγωνον·
351 1992 442 2054 ἔσται
466 1985 507 2073 δή
534 1985 551 2054 ὃ
575 1993 684 2069 κῶνος
708 1989 826 2077 ὀρθός·
871 2000 926 2078 ἴση
949 1990 1014 2080 γὰρ
1039 1991 1061 2080 ἡ
1082 2001 1140 2061 ΖΒ

124 2097 163 2182 vy}
193 2095 262 2168 ΖΞ.
312 2093 593 2181 ἐκβεβλήσθωσαν
621 2094 662 2182 δή
692 2098 730 2163 αἴ
755 2103 833 2182 ΒΖ,
862 2099 937 2184 ΖΞ,
966 2106 1055 2184 ΜΖ,
1088 2100 1141 2167 καὶ

124 2198 300 2286 τετμήσθω
325 2197 343 2267 ὁ
362 2204 471 2280 κῶνος
490 2203 632 2293 ἐπιπέδῳ
650 2202 851 2293 παραλλήλῳ
871 2207 916 2294 τῷ
935 2206 1002 2282 ΒΞ
1017 2206 1141 2297 κύκλςο·

71 2331 105 2379 εο
125 2312 216 2375 ἔσται
245 2306 287 2394 δή
315 2304 336 2392 ἡ
364 2305 448 2394 τομή
472 2306 601 2386 κύκλος.
647 2312 729 2374 ἔστω
755 2306 773 2375 ὁ
796 2316 834 2375 Η
840 2316 915 2376 ΠΡ·
962 2308 1047 2378 ὥστε
1073 2312 1141 2379 διί-

125 2442 244 2505 μετρος
271 2420 361 2483 ἔσται
389 2418 450 2482 τοῦ
477 2414 604 2481 κύκλον
626 2411 646 2500 v}
671 2417 749 2482 ΗΘ.
795 2412 891 2501 κοινὴ
912 2415 949 2483 δὲ
971 2417 1056 2505 τομή
1082 2424 1141 2487 τοῦ

124 2531 193 2590 ΗΘ
224 2522 350 2590 κύκλου
383 2521 439 2589 καὶ
471 2525 532 2588 τοῦ
564 2519 788 2608 ὑποκειμένου
823 2523 1094 2592 ἐπιπέθονέστω
1121 2523 1141 2610 y}

125 2636 240 2697 ΠΛΡ·
279 2635 369 2697 ἔσται
390 2626 431 2715 δή
450 2625 471 2714 y}
491 2635 592 2695 ΠΛΡ
606 2625 688 2714 πρὸς
707 2628 865 2715 ἑκατέραν
883 2633 952 2697 τῶν
971 2636 1054 2716 ΗΘ,
1075 2639 1141 2699 ΛΒ

125 2733 228 2821 ὀρθή·
265 2736 419 2823 ἑκάτερος
442 2733 505 2820 γὰρ
528 2739 597 2802 τῶν
616 2737 693 2820 ΞΒ,
713 2741 782 2800 ΘΗ
802 2735 924 2815 κύκλος
948 2734 1054 2823 ὀρθός
1074 2740 1142 2806 ἐστι

71 2862 105 2910 25
125 2837 209 2924 πρὸς
231 2838 269 2906 τὸ
295 2848 396 2908 ΖΗΘ
418 2847 602 2928 τρίγωνον,
626 2845 695 2907 ἔστι
719 2840 757 2908 δὲ
779 2841 835 2907 καὶ
857 2840 895 2908 τὸ
921 2839 1143 2930 ὑποκείμενον

125 2947 283 3013 ἐπίπεδον
317 2944 425 3034 ὀρθὸν
458 2946 541 3032 πρὸς
573 2945 610 3014 τὸ
638 2954 752 3014 ΖΗΘ·
804 2948 859 3014 καὶ
892 2944 912 3033 v}
945 2948 1043 3035 κοινή
1077 2949 1143 3039 ἄρα

126 3049 237 3118 αὐτῶν
266 3052 350 3138 τομή
379 3050 399 3137 v}
424 3061 533 3120 ΠΛΡ
553 3051 641 3141 ὀρθή
666 3056 735 3122 ἐστι
757 3053 841 3141 πρὸς
863 3051 901 3122 τὸ
927 3062 1040 3123 ΖΗΘ·
1087 3058 1143 3124 καὶ

124 3155 208 3243 πρὸς
239 3155 347 3236 παίσας
379 3158 446 3244 ίίρα
478 3158 536 3238 τὰς
570 3158 756 3247 ἁπτομένας
789 3158 891 3246 αὐτῆς
923 3159 1058 3242 εὐθείας
1087 3165 1143 3230 καῖ

125 3262 227 3343 οὔσας
255 3264 291 3330 ἐν
306 3258 360 3353 ’τῷ
385 3260 473 3356 αὐτῷ
498 3267 640 3358 ἐπιπέδῳ
666 3264 774 3353 ὀρθὰς
797 3278 888 3334 ποιεί
908 3273 1040 3352 γωνίας.
1087 3271 1143 3337 καῖ

198 3430 222 3479 1.
251 3425 366 3494 μείζονα
390 3419 487 3494 λόγον]
510 3442 543 3492 p,
576 3429 672 3494 μεῖζον
696 3422 837 3496 ἀνάλογον
862 3426 900 3492 V;
935 3442 1003 3481 corr.
1024 3446 1043 3483 v
1069 3430 1144 3498 (int

126 3495 319 3551 circumflexus
337 3496 366 3550 in
386 3497 498 3551 acutum
516 3497 585 3550 mut.
605 3514 641 3551 m.
663 3499 696 3566 1).
790 3504 832 3553 17.
857 3498 922 3568 ZB]
942 3514 971 3569 ο,
994 3503 1016 3551 Β
1036 3517 1051 3554 e
1072 3516 1142 3557 corr.
