2438 3892
123 138 190 204 τοι
267 122 273 133 ’
522 137 690 191 mm
707 132 747 206 ι’.

120 282 211 368 παρὰ
236 277 298 367 τήν
320 286 391 347 ΔΕ
416 275 437 366 ή
462 284 572 347 ΘΑΚ.
618 278 720 365 λέγω,
748 276 800 347 ὅτι
828 287 885 365 ίση
915 279 1007 347 ἐστὶν
1029 275 1050 366 ή
1071 285 1127 346 KA

120 391 162 476 τῇ
185 392 259 454 ΘΛ.

190 493 353 582 ἤχθωσαν
372 494 429 560 διὰ
448 496 518 561 τῶν
532 500 571 577 Β,
587 499 618 560 A
640 493 729 580 παρὰ
747 517 811 578 την
824 498 897 560 ΑΓ
916 496 954 560 αί
967 500 1053 579 ΛΜ,
1066 500 1131 562 ΒΕ·

125 607 217 670 ἔσται
241 599 299 687 δή,
328 597 372 680 ὡς
394 599 643 685 προδέδεικται,
671 594 717 678 ὡς
743 596 782 666 τὸ
809 595 876 667 ἀπὸ
903 607 971 667 ΔΒ
999 599 1082 689 πρὸς
1099 600 1133 668 τὸ

88 704 192 775 τάπὸ
210 712 285 791 ΒΕ,
308 703 346 773 τό
364 731 401 773 τε
419 703 484 772 ἀπὸ
505 711 583 771 ΘΜ
599 701 684 789 πρὸς
702 702 739 772 τὸ
759 701 824 772 ἀπὸ
844 711 923 774 ΜΛ
944 707 1003 774 καὶ
1020 706 1059 776 τὸ
1075 705 1133 774 ὑπο

127 819 243 882 BMH
261 809 344 897 πρὸς
367 812 405 880 τὸ
430 808 496 878 ἀπὸ
515 816 604 877 ΜΛ·
628 818 705 878 ίσον
728 809 794 894 ἄρα
815 837 855 879 το
874 807 942 880 ὑπὸ
961 819 1076 882 HMB
1095 816 1134 904 ιβ

125 917 191 987 ἀπὸ
208 925 290 986 ΜΘ.
327 923 396 985 ἔστι
420 916 458 985 δὲ
480 917 536 984 καὶ
557 913 594 984 τὸ
614 913 682 984 ὑπὸ
699 923 799 984 ΘΔΖ
822 926 899 985 ίσον
917 923 965 1010 τῷ
986 918 1053 988 ἀπὸ
1068 927 1137 1002 ΔΒ,

126 1023 214 1093 διότι
238 1022 418 1110 ἐφάπτεται
441 1019 462 1109 ή
486 1030 567 1109 ΑΖ,
594 1023 651 1089 καὶ
673 1027 832 1109 κατῆκται
855 1021 875 1110 ή
900 1032 980 1093 ΛΘ·
1018 1025 1054 1094 τί.
1078 1025 1137 1110 ἄρα

124 1129 190 1199 ὑπὸ
215 1131 328 1197 HMB
357 1127 437 1214 μετὰ
466 1133 528 1196 τοῦ
557 1126 621 1197 ιἰπδ
645 1136 728 1214 ΔΒ,
757 1127 869 1198 ὅέστι
895 1130 935 1199 τὸ
963 1129 1033 1200 ἀπὸ
1058 1139 1137 1218 ΔΜ,

72 1250 107 1299 10
126 1246 202 1305 ίσον
227 1237 296 1305 ἐστὶ
318 1239 364 1327 τῷ
388 1232 455 1303 ὑπὸ
475 1241 575 1301 ΘΔΖ
598 1236 679 1321 μετὰ
698 1239 760 1303 τοῦ
778 1236 843 1305 ἀπὸ
864 1243 947 1305 ΜΘ.
986 1242 1062 1326 δίχα
1080 1237 1138 1325 ἄρα

124 1344 281 1429 τέτμηται
304 1337 324 1428 ή
350 1348 411 1409 ΖΘ
432 1341 517 1409 κατὰ
541 1342 580 1409 τὸ
604 1348 649 1407 Μ
666 1343 911 1430 προσκειμένην
935 1348 1060 1430 ἔχουσα
1081 1343 1137 1430 τήν

127 1457 160 1516 Δ
167 1456 202 1515 Ζ.
239 1453 299 1516 καί
315 1451 379 1516 είσι
399 1445 608 1535 παράλληλοι
628 1450 665 1514 αί
681 1453 757 1534 ΚΖ,
772 1455 854 1516 AM
856 1471 863 1484 ·
887 1456 943 1534 ἴση
958 1447 1026 1535 ἄρα
1039 1450 1060 1537 ή
1074 1456 1140 1518 KA

124 1558 165 1643 τῇ
188 1562 262 1623 ΛΘ.

606 1641 670 1728 λγ’.

72 1782 108 1832 1ο
192 1766 271 1835 Ἐὰν
299 1778 369 1836 τῶν
398 1764 636 1854 ἀντικειμένων
665 1764 728 1834 δύο
756 1764 888 1834 εὐθεῖαι
916 1767 1141 1855 ἐφαπτόμεναι

127 1879 354 1961 συμπίπτωσι,
380 1873 436 1940 καὶ
461 1873 516 1940 διὰ
541 1871 603 1958 μὲν
626 1875 695 1940 τῶν
717 1869 817 1958 ἁφῶν
841 1870 959 1940 εὐθεῖα
985 1877 1140 1964 ἐκβληθῇ,

127 1981 184 2046 διὰ
204 1979 241 2047 δὲ
260 1984 318 2065 τῆς
333 1976 555 2066 σνμπτείσεως
572 1981 641 2045 τῶν
656 1979 896 2064 ἐφαπτομένων
916 1976 1008 2069 ἀχθῇ
1026 1980 1139 2050 εὐθεῖα

120 2087 214 2173 παρὰ
239 2112 303 2172 την
325 2087 385 2164 τὰς
407 2081 499 2170 ἁφὰς
522 2083 818 2172 ἐπιζευγνύουσαν,
842 2086 898 2152 διὰ
920 2085 958 2153 δὲ
976 2092 1036 2174 τής
1056 2092 1139 2176 διχο-

125 2198 243 2277 τομίας
260 2195 319 2276 τής
332 2192 392 2269 τὰς
405 2187 496 2276 ἆφας
515 2189 794 2277 ἐπιζευγννούσης
812 2189 901 2280 ἀχθῇ
916 2190 1036 2261 εὐθεῖα
1054 2193 1141 2282 παρίι

71 2311 107 2361 20
125 2325 201 2366 τινα
232 2308 301 2367 τῶν
329 2295 559 2384 ἆσνμπτείτων
587 2302 821 2383 συμπίπτοντα
847 2303 886 2386 τή
911 2304 996 2388 τομή
1025 2303 1082 2368 καὶ
1104 2304 1139 2389 τη

127 2407 183 2473 διὰ
203 2411 261 2493 τής
280 2403 502 2492 συμπτώσεως
520 2401 646 2490 ἠγμένη
666 2403 878 2495 παραλλήλῳ,
903 2402 923 2491 ή
943 2408 1069 2492 μεταξὺ
1087 2413 1141 2494 τής

127 2517 320 2602 διχοτομίας
342 2513 397 2580 καὶ
421 2524 480 2598 τῆς
502 2536 581 2594 παρ·

127 2621 274 2706 αλλήλου
301 2617 366 2689 ὑπὸ
395 2623 453 2704 τής
478 2623 581 2705 τομῆς
626 2611 659 2658 A

126 2728 203 2810 δίχα
228 2726 487 2813 διαιρεθήσεται.

70 2841 105 2888 25
193 2835 342 2898 ἔστωσαν
355 2830 579 2918 ἀντικείμενοι

125 2934 163 2997 οιί
184 2941 298 3019 ΑΒΓ,
318 2943 418 3003 ΔΕΖ
446 2940 502 3005 καὶ
526 2940 579 3025 ἐφ-

124 3035 307 3122 απτόμεναι
330 3046 367 3108 οιί
388 3052 475 3129 ΑΗ,
496 3053 579 3131 ΔΗ,
618 3009 655 3059 Γ

123 3142 263 3228 κέντρον
297 3145 334 3212 δὲ
366 3150 404 3214 τὸ
431 3157 470 3234 Θ,
503 3151 722 3240 ἀσύμπτωτος
754 3155 792 3223 δὲ
824 3154 844 3242 ή
873 3164 954 3242 ΚΘ,
988 3159 1045 3225 καὶ
1075 3164 1139 3228 έπε-

125 3247 252 3335 ζεύχθω
280 3246 300 3335 ή
324 3258 397 3319 ΘΗ
420 3256 475 3322 καὶ
503 3260 733 3348 ἐκβεβλήσθω,
767 3263 953 3351 ἐπεζεύχθω
980 3265 1017 3333 δὲ
1041 3263 1139 3352 καὶὴ

197 3417 220 3464 7.
240 3411 291 3484 τῷ]
310 3429 361 3480 pc,
382 3429 451 3467 corr.
472 3430 505 3468 ex
524 3413 555 3470 τό
575 3437 611 3472 m.
634 3426 646 3472 1
667 3419 701 3474 V.
776 3428 817 3476 11.
842 3424 906 3494 ΖΘ]
928 3423 985 3480 ΞΘ
1004 3425 1041 3493 V;
1071 3445 1138 3482 corr.

123 3479 241 3536 Memus.
315 3489 357 3538 27.
377 3484 453 3554 ΛΗ]
474 3488 533 3539 ΗΔ
552 3489 654 3559 Halley
673 3508 736 3546 cum
757 3494 863 3548 Comm.
