2438 3892
130 148 149 213 8
525 148 692 202 ΚΩΝΙΚΩΝ
710 145 750 202 α’.

197 287 321 376 ὁμοίως
344 289 382 357 δὲ
404 291 460 357 καὶ
484 289 546 357 δύο
565 289 749 376 καμπύλων
767 294 931 376 γραμμῶν
951 292 987 357 ἐν
1008 292 1064 359 ἑνὶ
1085 295 1153 361 ἐπι·

130 398 219 486 πέδῳ
251 397 414 484 κειμένων
448 398 626 484 διάμετρον
660 400 749 463 καλῶ
782 402 928 482 πλαγίαν
961 398 1041 483 μέν,
1082 396 1155 485 ήτις

130 501 249 572 εὐθεῖα
263 505 430 591 τέμνουσα
449 499 508 582 τάς
525 501 588 570 δύο
608 500 761 589 γραμμὰς
778 500 885 581 πάοας
903 501 962 580 τὰς
980 499 1154 590 ἀγομένας

129 613 167 678 ἐν
200 612 337 699 ἑκατέρᾳ
368 613 437 677 τῶν
469 612 633 697 γραμμῶν
665 607 755 695 παρά
787 635 863 677 τινα
895 607 1038 677 εὐθεῖαν
1076 615 1154 699 δίχα

95 733 110 782 5
129 719 251 804 τέμνει,
274 714 427 802 κορυφὰς
450 714 488 782 δὲ
510 719 578 783 τῶν
601 717 765 802 γραμμῶν
788 714 828 782 τὰ
852 715 936 802 πρὸς
953 729 1026 795 ταῖς
1046 743 1153 805 γραμ-

130 836 206 911 μαῖς
228 823 355 910 πέρατα
377 826 437 908 τής
461 823 657 909 διαμέτρου,
686 818 811 910 ὀρθίαν
836 823 888 908 δέ,
918 820 990 909 ήτις
1013 826 1153 910 κειμένη

130 927 251 1017 μεταξὺ
279 932 347 996 τῶν
372 928 435 995 δύο
458 931 623 1016 γραμμῶν
652 927 759 1007 πάσας
786 926 845 1007 τὰς
872 927 1039 1014 ἀγομένας
1069 953 1153 1014 παρ-

131 1036 296 1121 αλλήλους
329 1031 464 1112 εὐθείας
496 1030 614 1122 εὐθείᾳ
643 1034 711 1100 τινὶ
742 1033 799 1101 καὶ
826 1031 1154 1120 ἀπολαμβανομένας

131 1139 252 1230 μεταξὺ
276 1149 344 1207 τῶν
363 1143 526 1227 γραμμῶν
550 1142 628 1226 δίχα
651 1141 779 1226 τέμνει,
805 1141 1011 1226 τεταγμένως
1035 1138 1075 1207 δὲ
1101 1143 1153 1210 ἐπλ

77 1264 111 1312 10
129 1248 192 1335 τὴν
216 1245 397 1333 διάμετρον
415 1249 581 1332 κατήχθαι
605 1243 748 1333 ἒκάοτήν
771 1249 838 1313 τῶν
860 1243 1098 1333 παραλλήλων.

199 1360 350 1440 συζυγεϊς
367 1356 457 1421 καλῶ
478 1353 675 1439 διαμέτρους
694 1352 786 1437 [δύο]
806 1352 977 1439 καμπύλής
996 1359 1155 1440 γραμμῆς

130 1463 186 1530 καὶ
210 1461 273 1531 δύο
297 1460 478 1548 καμπύλων
496 1462 659 1547 γραμμῶν
683 1455 828 1544 εὐθείας,
853 1450 901 1526 ῶν
920 1459 1059 1547 ἑκατέρα
1081 1460 1154 1529 διοί-

131 1596 249 1657 μετρος
273 1559 359 1636 οὐσα
382 1564 440 1646 τὰς
463 1569 503 1653 τῇ
527 1566 622 1654 ἑτέρᾳ
650 1563 884 1652 παραλλήλους
912 1567 988 1649 δίχα
1018 1568 1154 1655 διαιρεῖ.

199 1675 303 1756 ἀξονα
331 1673 368 1741 δὲ
395 1675 485 1739 καλῶ
513 1669 687 1757 καμπύλης
714 1674 868 1757 γραμμῆς
894 1670 949 1737 καὶ
978 1669 1041 1737 δύο
1071 1699 1154 1760 καμ·

80 1797 112 1845 15
132 1780 249 1848 πύλων
281 1781 443 1865 γραμμῶν
477 1774 632 1861 εὐθεῖαν,
665 1775 737 1862 ήτις
769 1775 944 1863 διάμετρος
977 1767 1064 1843 οὐσα
1096 1782 1156 1866 τής

132 1889 286 1973 γραμμῆς
309 1881 329 1971 ή
353 1887 422 1952 τῶν
446 1886 609 1971 γραμμῶν
633 1882 717 1969 πρὸς
738 1879 844 1971 ὀρθὰς
862 1884 973 1969 τέμνει
990 1880 1050 1963 τάς
1069 1909 1156 1974 παρ-

133 1991 306 2078 αλλήλους.

200 2104 352 2184 συζυγεϊς
374 2099 463 2164 καλῶ
488 2095 611 2178 ἀξονας
632 2095 806 2182 καμπύλής
827 2099 980 2182 γραμμῆς
1005 2097 1061 2163 καὶ
1089 2099 1155 2169 δύο

133 2203 317 2292 καμπύλων
340 2206 503 2291 γραμμῶν
527 2201 679 2289 εὐθείας,
709 2205 832 2281 αἵτινες
855 2200 1027 2288 διάμετροι
1052 2198 1155 2275 οὖσαι

80 2326 113 2375 20
133 2317 284 2398 συζυγεῑς
293 2308 376 2399 πρὸς
386 2308 494 2397 ὀρθὰς
503 2311 664 2397 τέμνουσι
672 2307 732 2389 τάς
741 2306 896 2394 ἀλλήλων
906 2308 1156 2395 παραλλήλους.

619 2459 664 2530 α’.

200 2581 248 2646 Ac
270 2575 334 2646 ἀπὸ
358 2579 416 2663 τής
439 2579 590 2661 κορυφής
612 2579 671 2661 τῆς
693 2577 837 2660 κωνικής
858 2576 1053 2659 ἐπιφανείας
1072 2573 1154 2664 ἀγό·

133 2709 230 2770 μεναι
259 2683 389 2753 εὐθεῖαι
417 2683 470 2751 ἐπὶ
498 2680 538 2749 τά
567 2684 605 2749 ἐν
631 2685 671 2770 τῇ
696 2683 873 2770 ἐπιφανείᾳ
896 2693 1016 2766 σημεῖα
1045 2684 1083 2749 ἐν
1112 2689 1154 2773 πή

133 2791 310 2877 ἐπιφανείᾳ
333 2795 426 2857 είσίν.

80 2910 114 2960 25
201 2900 284 2961 έστω
308 2894 433 2981 κωνική
457 2895 644 2983 ἐπιφάνεια,
668 2886 708 2981 ής
729 2893 863 2981 κορυφὴ
883 2891 920 2961 τὸ
944 2902 976 2960 A
999 2909 1153 2981 σημεῖον,

132 3002 188 3068 καλ
212 2999 365 3086 εἰλήφθω
389 3026 421 3066 τι
450 3016 588 3088 σημεῖον
618 3002 671 3069 ἐπὶ
698 3011 758 3086 τῆς
784 3004 929 3086 κωνικής
955 3002 1154 3085 ἐπιφανείας

133 3106 171 3175 τὸ
195 3115 239 3192 Β,
267 3107 323 3173 καλ
347 3106 532 3193 ἐπεζεύχθω
555 3135 605 3188 τις
629 3106 747 3175 εὐθεῖα
770 3106 790 3194 ή
817 3114 922 3178 ΑΓΒ.
967 3109 1069 3193 λέγω,
1099 3107 1153 3178 ὅτι

134 3212 154 3301 ἡ
178 3219 278 3280 ΑΓΒ
303 3211 420 3281 εὐθεῖα
444 3217 480 3282 ἐν
499 3218 539 3302 τή
563 3217 740 3303 ἐπιφανείᾳ
764 3216 864 3282 ἐστίν.

208 3362 232 3411 5.
252 3352 334 3426 πρός]
355 3351 435 3424 προδ
456 3372 513 3423 seq.
528 3355 633 3410 lineola
652 3355 769 3409 fortuita
782 3354 816 3410 V.
871 3362 895 3411 6.
916 3349 1033 3426 ὀρθίαν]
1052 3373 1084 3424 μς
1105 3352 1154 3424 ὄρ-

134 3429 221 3482 θείαν
235 3426 269 3492 V,
284 3443 340 3496 mg.
351 3444 388 3480 m.
399 3443 453 3481 rec.
464 3422 588 3495 ,ὀρθίαν
601 3427 633 3479 αλ
647 3425 747 3480 infra“.
807 3433 831 3481 9.
847 3425 956 3496 τέμνει]
972 3444 1000 3495 p,
1015 3425 1104 3497 τέμνῃ
1116 3429 1151 3484 V.

173 3505 213 3553 11.
234 3495 299 3568 δύο]
319 3514 374 3553 om.
393 3496 495 3567 Halley
514 3513 577 3551 cum
596 3494 701 3552 Oomm.
774 3503 817 3552 21.
837 3494 881 3568 α’]
902 3513 948 3564 ov,
971 3513 1024 3551 om.
1044 3497 1078 3552 V.
