2438 3892
125 133 169 198 96
520 133 687 187 ΚΩΝΙΚΩΝ
706 130 746 187 α’.

125 276 210 362 λέγω
231 275 284 363 δή,
304 273 355 344 ὅτι
372 275 429 344 καὶ
447 280 495 356 εἰς
512 275 573 343 τὸν
592 271 713 361 μεταξὺ
731 276 836 343 τόπον
853 277 913 362 τῆς
926 279 998 343 ΑΓ
1007 273 1141 356 εὐθείας

124 381 181 449 καὶ
203 385 262 469 τῆς
284 385 387 469 τομῆς
410 383 504 466 ἑτέρα
528 377 645 449 εὐθεῖα
670 378 710 450 οὐ
733 393 998 467 παρεμπεσεῖται.

192 493 224 558 εἰ
253 486 317 577 γὰρ
351 485 515 572 δυνατόν,
552 488 803 575 παρεμπιπτέτω
837 483 882 566 ὡς
913 485 934 574 6
967 494 1054 574 AA,
1087 488 1141 556 καὶ

125 595 279 682 εἰλήφθω
302 623 334 664 τι
358 607 497 680 σημεῖον
516 590 566 661 ἐπ’
589 591 691 678 αὐτής
710 593 811 679 τυχὸν
831 591 868 661 τὸ
889 602 933 679 Α,
957 594 1013 661 καὶ
1032 620 1142 681 τεταν-

91 703 234 789 τμένως
259 700 416 788 κατήχθω
443 696 460 766 6
490 708 571 784 AE,
599 700 654 768 καὶ
683 705 765 768 ἔστω
798 697 876 787 παρ’
902 696 946 787 ήν
979 701 1142 769 δύνανται

125 811 163 875 αἱ
182 808 405 895 καταγόμεναι
428 809 633 893 τεταγμένως
660 803 681 893 6
705 815 737 874 A
743 813 779 874 Z.
825 807 880 874 καὶ
908 808 978 875 ἐπεὶ
1008 806 1047 876 τὸ
1077 804 1142 876 ἀπὸ

125 921 196 982 ΔΕ
224 913 308 1002 πρὸς
340 912 377 981 τὸ
409 911 475 982 ἀπὸ
504 921 571 981 EA
603 920 739 1000 μείζονα
767 911 870 999 λόγον
899 919 964 1001 ἔχει
991 912 1076 1002 ήπερ
1104 910 1141 981 τό

125 1018 190 1089 ἀπὸ
213 1027 284 1088 ΗΕ
305 1019 389 1108 πρὸς
410 1017 448 1088 τὸ
473 1019 538 1088 ἀπὸ
562 1028 644 1107 ΕΑ,
667 1019 704 1089 τὸ
731 1018 809 1088 66'
791 1018 856 1089 απὸ
879 1027 951 1088 ΗΕ
973 1028 1049 1088 ἴσον
1075 1019 1142 1087 ἐστὶ

124 1130 170 1217 τῷ
193 1123 259 1196 ὑπὸ
279 1135 396 1214 ZAE,
419 1125 530 1195 καὶ
498 1153 535 1195 το
559 1125 625 1196 ἀπὸ
646 1126 758 1194 ΔΕ”
736 1154 802 1214 αρα
825 1125 908 1214 πρὸς
930 1124 969 1195 τὸ
991 1124 1055 1194 αἰπὸ
1078 1134 1142 1194 EA

73 1259 107 1309 10
126 1239 262 1321 μείζονα
290 1234 394 1322 λόγον
423 1232 538 1322 ἔχει”
516 1260 599 1324 ήπερ
627 1246 665 1302 τὸ
692 1231 758 1302 ὑπὸ
783 1241 885 1302 ΖΑΕ
909 1230 993 1323 πρὸς
1015 1232 1052 1301 τὸ
1077 1211 1141 1300 ἄπο

125 1348 207 1425 EA,
230 1343 399 1411 τουτέστιν
422 1338 443 1428 6
468 1349 532 1409 ΖΑ
555 1338 638 1430 πρὸς
661 1349 736 1409 ΑΕ.
781 1339 975 1427 πεποιήσθω
1000 1331 1076 1425 οὖν,
1100 1336 1143 1419 ὡς

125 1447 163 1517 τὸ
188 1446 252 1518 ιἰπὸ
273 1457 344 1517 ΛΕ
360 1448 444 1537 πρὸς
462 1447 499 1516 τὸ
520 1446 585 1517 ἀπὸ
605 1453 689 1535 ΕΑ,
713 1444 819 1527 οὕτως
837 1445 857 1534 6
877 1455 942 1515 ΖΑ
960 1446 1043 1537 πρὸς
1063 1456 1142 1536 ΑΘ,

125 1556 181 1624 καὶ
214 1556 270 1625 διὰ
302 1560 364 1625 τοῦ
393 1564 421 1623 Θ
454 1555 666 1643 παράλληλος
696 1553 792 1643 ήχθω
819 1557 859 1643 τή
886 1562 955 1621 ΕΔ
981 1552 1002 1643 6
1031 1562 1142 1626 ΘΛΚ.

125 1664 195 1731 ἐπεὶ
219 1657 282 1732 οὖν
307 1666 412 1748 ἐστιν,
443 1661 488 1742 ὡς
509 1660 546 1731 τὸ
570 1661 636 1733 ἀπὸ
661 1671 732 1730 ΛΕ
751 1661 836 1750 πρὸς
857 1659 895 1730 τὸ
920 1658 985 1730 666
1009 1669 1093 1748 EA,
1120 1659 1142 1750 6

74 1792 106 1841 15
126 1775 191 1837 ΖΑ
217 1768 302 1854 πρὸς
329 1776 409 1855 ΑΘ,
437 1770 587 1838 τουτέστι
615 1771 652 1837 τὸ
680 1767 747 1838 ὑπὸ
776 1775 873 1836 ΖΑΘ
900 1767 992 1898 πρὸς
1009 1765 1046 1836 τὸ
1077 1766 1141 1838 ἀπὸ

87 1882 205 1962 ΑΘ,
228 1880 288 1942 καί
307 1873 454 1960 ἐστιν,
431 1903 476 1955 ως
499 1872 615 1962 μὲν
581 1902 620 1944 το
644 1874 709 1944 ἀπὸ
729 1883 799 1943 ΔΕ
814 1872 896 1961 πρὸς
914 1874 952 1943 τὸ
972 1871 1038 1943 ἀπὸ
1059 1884 1142 1963 EA,

126 1979 231 2060 οὕτως
253 1979 291 2049 τὸ
311 1978 376 2050 ἀπὸ
396 1988 462 2049 ΚΘ
484 1980 568 2071 πρὸς
586 1982 623 2051 τὸ
643 1981 708 2052 ἀπὸ
728 1990 809 2069 ΘΑ,
832 1987 877 2072 τῷ
898 1977 970 2049 δὲ’
953 1981 1019 2049 υπὸ
1039 1989 1107 2051 ΖΑ
1114 1990 1143 2050 Θ

62 2064 202 2156 ῖσον
230 2087 357 2156 ἐστὶ
326 2115 363 2156 το
387 2085 451 2157 ἀπὸ
476 2096 555 2175 ΘΛ,
583 2088 683 2158 καῖ’
663 2118 708 2170 ως
730 2089 796 2177 ἄρα
818 2086 855 2157 τὸ
880 2085 945 2156 666
968 2094 1035 2156 ΚΘ
1058 2087 1143 2175 πρὸς

124 2192 162 2262 τὸ
186 2220 250 2263 απο
270 2203 351 2282 ΘΑ
376 2222 482 2276 ουτως
500 2223 536 2264 το
557 2222 622 2270 απο
642 2205 706 2264 ΛΘ
724 2222 808 2284 προς
827 2222 864 2263 το
876 2212 948 2262 απο
968 2202 1041 2263 ΘΑ
1085 2205 1141 2327 ἴση

71 2326 105 2376 20
123 2303 189 2388 ἄρα
216 2300 237 2390 ή
261 2310 328 2371 ΚΘ
354 2306 394 2392 τή
418 2311 495 2371 ΘΛ·
541 2301 622 2391 ὅπερ
651 2302 785 2371 ἄτοπον.
832 2300 893 2370 οὐκ
921 2303 986 2388 ἄρα
1011 2304 1114 2382 εἰς
1081 2331 1142 2371 τον

124 2409 245 2499 μεταξὺ
271 2410 376 2480 τόπον
402 2415 460 2497 τῆς
484 2417 553 2479 ΑΓ
576 2408 711 2490 εὐθείας
739 2411 794 2476 καὶ
822 2413 880 2496 τῆς
908 2411 1012 2495 τομῆς
1044 2401 1163 2496 ἑτέρα

125 2516 242 2587 εὐθεῖα
264 2531 527 2607 παρεμπεσεῖται.

192 2631 274 2693 ἔστω
308 2622 349 2711 66
381 2622 402 2711 6
429 2623 513 2713 τομὴ
542 2623 710 2714 ὑπερβολὴ
738 2623 758 2709 6
788 2628 931 2703 ἔλλειψις
961 2618 982 2708 6
1011 2624 1142 2691 κύκλου

123 2733 325 2817 περιφέρεια,
349 2725 388 2818 ἧς
411 2733 587 2820 διάμετρος
609 2729 630 2818 6
649 2739 730 2817 AB,
756 2728 856 2817 ὀρθία
880 2728 917 2796 66
940 2726 960 2815 6
981 2738 1061 2816 AZ,
1084 2730 1141 2797 καὶ

71 2859 105 2909 25
126 2837 354 2923 ἐπιζευχθεῖσα
376 2835 397 2924 6
418 2843 478 2906 ΒΖ
501 2841 725 2925 ἐκβεβλήσθω,
747 2836 803 2903 καὶ
822 2834 886 2904 ἀπὸ
905 2840 966 2903 τοῦ
986 2845 1018 2903 Α
1035 2862 1140 2923 παρα-

123 2946 329 3029 τεταγμένως
351 2943 447 3032 ήχθω
470 2944 490 3033 6
515 2950 588 3013 ΑΓ.

192 3047 243 3117 ὅτι
275 3050 337 3137 μὲν
370 3044 433 3118 οὖν
466 3050 557 3131 ἐκτὸς
589 3057 698 3119 πίπτει
732 3053 789 3136 τής
820 3053 935 3136 τομής,
965 3051 1139 3118 δέδεικται.

196 3288 220 3338 7.
240 3283 402 3350 μείζονα-
371 3287 443 3336 -8,
463 3282 531 3353 ΕΑ]
551 3299 604 3338 om.
619 3282 658 3350 V;
679 3297 748 3338 corr
764 3300 782 3349 p
802 3282 861 3351 (της
877 3285 935 3336 ΗΕ
954 3283 1035 3335 et
1002 3303 1052 3352 της
1069 3283 1137 3352 EA).

160 3360 201 3409 11.
221 3351 451 3420 6⁸60226666V3
471 3369 582 3422 corr..p
639 3360 681 3409 13,
704 3354 783 3494 Eli),
797 3353 906 3421 ΕΘΚς
898 3371 1076 3444 ,.oorrg.
1095 3358 1137 3407 18.

123 3425 168 3498 τό]
188 3425 366 3498 (pr.)663V,
359 3440 456 3478 corr
476 3442 502 3492 p
595 3429 637 3480 23.
657 3421 725 3495 6]6
803 3442 871 3481 corr
891 3442 918 3494 p
1009 3422 1138 3497 6]6V;

125 3515 193 3554 corr.
212 3516 239 3568 p.
