2438 3892
121 161 189 226 402
521 158 689 213 ΚΩΝΙΚΩΝ
707 151 745 226 γ’.

122 302 179 371 καὶ
202 308 283 387 ΡΗ,
314 301 463 369 τουτέστι
490 290 527 368 τὸ
556 300 624 376 ΡΞ.
671 307 747 367 ἴσον
774 298 813 367 δὲ
839 297 878 374 τὸ
910 301 974 377 ΡΞ
998 304 1044 394 τῷ
1067 307 1132 386 ΛΘ,

124 408 194 478 ἐπεὶ
213 409 269 475 καὶ
287 406 325 476 τὸ
340 413 401 476 ΓΘ
418 411 463 498 τῷ
479 411 545 474 ΒΓ
563 407 619 474 καὶ
637 406 675 474 τὸ
690 412 765 479 ΜΒ
783 410 829 498 τῷ
847 408 919 484 ΞΘ.
957 395 1133 494 ἔστινᾶμα,

124 512 170 596 ὡς
188 515 226 583 τὸ
240 518 313 582 ΝΓ
331 511 415 601 πρὸς
432 514 469 581 τὸ
488 518 559 597 ΓΘ,
583 509 690 592 οὕτως
707 510 745 580 τὸ
761 518 833 580 ΝΛ
854 509 941 601 πρὸς
957 519 1032 581 ΛΘ.
1066 509 1130 581 ἀλλ’

124 620 170 702 ὡς
193 620 256 707 μὲν
277 619 315 688 τὸ
340 624 412 687 ΝΓ
429 616 513 706 πρὸς
535 624 607 703 ΓΘ,
630 615 651 704 ἡ
672 624 746 685 ΝΣ
766 619 849 707 πρὸς
872 627 949 705 ΣΘ,
974 619 1134 687 τουτέστιν

88 723 145 814 τὴ
170 733 247 794 AH
274 723 357 813 πρὸς
385 729 467 809 ΗΘ,
501 720 546 803 ὡς
574 722 611 790 δὲ
638 722 676 791 τὸ
704 729 775 792 ΝΛ
806 723 891 812 πρὸς
914 731 998 810 ΛΘ,
1029 723 1050 812 ἡ
1076 731 1160 793 ΝΡ·

123 831 207 918 πρὸς
231 838 308 917 ΡΘ,
331 832 504 900 τουτέστιν
527 826 639 916 ἡΑΚ
660 827 744 917 πρὸς
765 837 845 897 ΚΘ·
882 831 939 898 καὶ
965 818 1134 917 ὦς’ἅραὴ

123 943 196 1005 AK
215 935 298 1026 πρὸς
320 943 397 1021 ΚΘ,
421 933 442 1021 ἡ
466 941 543 1002 ΑΗ
560 935 644 1024 πρὸς
665 941 743 1002 ΗΘ.

602 1112 661 1193 λζ’.

193 1235 272 1306 Ἐὰν
304 1235 416 1305 κώνου
443 1241 546 1324 τομῆς
577 1236 598 1323 ἢ
629 1228 758 1304 κύκλου
784 1243 1000 1327 περιφερείας
1026 1235 1047 1324 ἧ
1073 1242 1132 1306 τῶν

71 1368 105 1417 10
124 1342 376 1431 ἆντιιιειμένων-
396 1343 459 1411 δύο
492 1339 624 1411 εὐθεῖαι
659 1344 887 1430 ἐφαπτόμεναι
919 1350 1130 1431 ουμττίιιτυσι,

123 1452 180 1518 καὶ
204 1452 256 1519 ἐντὶ
284 1449 345 1537 μὲν
373 1448 431 1529 τὰς
459 1446 548 1534 ἁφὰς
571 1446 684 1516 αὐτῶν
708 1450 885 1539 ἐπιζευχθῇ
909 1449 1044 1538 εὐθεῖα,
1074 1448 1131 1518 ἀπὸ

124 1557 162 1625 δὲ
185 1568 243 1644 τῆς
262 1554 485 1643 συμττώσεως
507 1558 576 1623 τῶν
596 1557 837 1643 ἐφαπτομένου
857 1560 984 1646 διαχθῇ
1003 1585 1053 1637 τις
1068 1557 1130 1643 τέμ·

123 1683 232 1732 νουσα
254 1667 316 1750 τὴν
338 1667 494 1752 γραμμὴν
517 1659 600 1730 κατὰ
624 1663 685 1730 δύο
710 1676 844 1749 σημεῖα,
873 1667 983 1749 ἔσται,
1012 1661 1056 1744 ὥς
1078 1660 1128 1748 ὅλη

95 1821 97 1825 -
122 1769 207 1858 πρὸς
229 1768 292 1855 τὴν
315 1768 408 1849 ἐκτὸς
434 1767 777 1855 ἄτολαμβανομένην,
804 1767 844 1836 τὰ
873 1768 1040 1857 γινόμενα
1061 1765 1128 1857 τμή-

73 1898 105 1948 15
124 1901 211 1960 ματα
233 1872 299 1942 ὑπὸ
323 1878 382 1959 τῆς
404 1875 463 1954 τὰς
486 1873 575 1961 ἁφὰς
599 1872 884 1961 ἐπιζευγνυούσης.

189 2885 272 2946 ἔστω
287 2882 401 2950 κώνου
415 2882 498 2969 τομὴ
514 2878 577 2968 ἡΑ
584 2889 611 2948 Β
626 2881 681 2947 καὶ
695 2878 920 2966 ἐφαπτόμεναι
936 2881 973 2945 αἱ
982 2886 1058 2965 ΑΓ,
1069 2885 1134 2962 ΓΒ,

119 2983 176 3048 καὶ
205 2986 391 3073 ἐπεζεύχθω
420 2987 440 3074 ἡ
465 2996 545 3073 ΑΒ,
574 2988 630 3055 καὶ
658 2985 788 3071 διήχθω
815 2983 833 3071 ἡ
858 2991 999 3052 ΓΔΕΖ.
1046 2987 1133 3072 λέγω,

121 3087 171 3157 ὅτι
196 3090 297 3172 ἐστίν,
322 3090 367 3170 ὡς
390 3090 410 3179 ἡ
435 3100 495 3159 ΓΖ
519 3093 603 3181 πρὸς
626 3100 697 3177 ΓΔ,
721 3089 741 3178 ἡ
767 3099 830 3158 ΖΕ
851 3090 935 3178 πρὸς
958 3098 1037 3160 ΕΛ.

187 3192 349 3280 ἤχθωσαν
377 3197 434 3263 διὰ
462 3201 529 3265 τῶν
558 3206 599 3284 Γ,
624 3206 656 3264 Α
687 3197 857 3284 διάμετροι
885 3190 947 3282 τῆς
973 3201 1077 3283 τομῆς
1104 3198 1138 3262 αἱ

193 3362 217 3410 2.
241 3354 308 3424 ΒΓ]
331 3356 384 3407 ΒΘ
402 3355 440 3422 V3
461 3371 530 3410 corr.
549 3355 666 3413 Memufl.
755 3364 795 3411 13.
821 3351 926 3425 ἡὸληῖ
1017 3363 1057 3411 15.
1078 3355 1135 3425 τῆς]

119 3432 169 3494 τῆς
189 3421 238 3480 ἐντί
258 3426 295 3491 V;
324 3443 392 3480 corr.
412 3425 527 3481 Memus.
621 3435 662 3483 18.
688 3430 755 3501 ΓΖ]
781 3433 831 3482 ΓΔ
850 3429 887 3495 V;
917 3445 987 3482 corr.
1008 3447 1027 3497 p
1054 3428 1135 3498 (ΖΓ).

156 3499 218 3567 ΓΔ]
240 3501 290 3550 ΓΖ
308 3496 345 3563 V;
366 3514 434 3552 corr.
454 3514 481 3565 p.
