2438 3892
122 143 187 207 104
515 145 684 200 ΚΩΝΙΚΩΝ
702 140 742 199 α’.

119 282 185 354 ὑπὸ
213 292 296 372 ΚΒ,
319 293 396 355 AN
419 286 503 372 πρὸς
531 287 568 354 τὸ
596 282 661 353 ιἰπὸ
685 292 750 352 ΓΕ
775 292 910 372 μείζονα
938 286 1044 373 λόγον
1071 293 1134 376 ἔχει

119 390 203 481 ἥπερ
227 389 265 459 τὸ
284 389 350 460 ὑπὸ
369 400 453 479 ΜΒ,
472 399 540 460 ΑΟ
562 390 645 478 πρὸς
663 390 701 461 τὸ
718 389 787 459 »ἀπὸ
806 399 878 460 ΓΕ.
914 389 988 460 ἀλλ’
1012 390 1058 474 ὡς
1076 394 1134 481 μὲν

119 496 156 567 τὸ
177 495 243 568 ὑπὸ
258 505 335 584 ΚΒ,
350 505 426 566 AN
439 496 522 586 πρὸς
539 495 577 565 τὸ
598 495 663 565 ἀπὸ
680 503 751 581 ΓΕ,
775 495 881 578 οὕτως
896 496 934 567 τὸ
951 495 1019 567 ὑπὸ
1033 507 1135 568 ΒΔΑ

119 602 203 692 πρὸς
225 603 262 673 τὸ
282 602 348 672 ἀπὸ
370 612 440 671 ΔΕ
461 602 517 671 διὰ
536 602 598 689 τῆν
618 601 797 690 ὁμοιότητα
814 607 883 672 τῶν
898 611 1014 690 ΒΚΛ,
1030 611 1135 691 ΕΓΔ,

86 726 102 774 5
120 718 159 779 N
162 719 232 778 ΑΔ
249 709 436 798 τριγώνων,
461 706 506 788 ὥς
525 708 562 776 δδ
579 708 617 777 τὸ
638 707 704 778 ὑπὸ
723 716 806 795 ΜΒ,
827 718 893 777 Ao
911 713 995 797 πρὸς
1013 710 1052 781 τὸ
1073 710 1136 780 ἀπὸ

121 822 199 903 ΓΕ,
224 815 329 894 οὕτως
352 815 420 883 ἐστὶ
443 814 481 883 τὸ
505 813 571 884 ὑπὸ
595 822 701 882 ΒΗΑ
728 814 812 904 πρὸς
833 816 871 885 τὸ
896 817 961 886 ἀπὸ
985 826 1068 886 ΗΕ·
1101 818 1137 886 τὸ

122 921 187 1012 ἄρα
209 920 274 991 ὑπὸ
298 929 403 988 ΒΔΑ
430 920 513 1007 πρὸς
534 920 572 989 τὸ
597 921 663 989 ιἰπδ
686 931 756 989 ΛΕ
781 929 915 1008 μείζονα
943 923 1048 1010 λόγον
1072 931 1137 1012 ἔχει

121 1028 204 1117 ῆπερ
232 1028 270 1097 τὸ
299 1025 366 1096 ὑπὸ
394 1033 500 1095 ΒΗΑ
531 1027 615 1115 πρὸς
641 1027 679 1097 τὸ
708 1027 773 1096 ἀπὸ
802 1038 879 1098 ΗΕ.
931 1029 1073 1112 ἐναλλὰξ
1100 1030 1136 1100 τὸ

122 1134 188 1221 ἄρα
202 1132 267 1203 ὑπὸ
279 1143 384 1202 ΒΔΑ
398 1133 482 1222 πρὸς
494 1133 532 1202 τδ
548 1131 613 1202 ὑπὸ
624 1143 657 1203 A
663 1142 707 1220 H,
718 1143 790 1203 ΒΗ
805 1143 940 1224 μείζονα
954 1137 1058 1223 λόγον
1074 1143 1137 1225 ἔχει

71 1258 104 1306 10
122 1239 206 1328 ἥπερ
230 1239 268 1310 τδ
293 1239 358 1310 ιἰπὸ
382 1249 452 1309 ΛΕ
472 1239 556 1326 πρὸς
578 1239 615 1309 τὸ
639 1240 705 1310 ἀπὸ
730 1249 807 1309 ΕΗ
853 1241 926 1310 ἀλλ’
948 1241 993 1322 ὡς
1017 1243 1078 1331 μέν
1101 1242 1136 1312 τὸ

121 1343 188 1417 ὑπὸ
207 1357 275 1416 ΒΔ
281 1358 313 1416 A
332 1348 416 1437 πρὸς
433 1347 471 1415 τὸ
491 1345 556 1415 ὑπὸ
577 1355 693 1432 ΑΗΒ,
713 1348 819 1428 οὕτως
836 1352 874 1418 τὸ
894 1347 959 1417 ιἰπδ
976 1355 1039 1418 ΓΛ
1056 1351 1139 1437 πρὸς

122 1453 159 1524 τὸ
188 1451 253 1523 ιἰπδ
277 1461 360 1541 ΗΘ,
393 1452 438 1533 ὡς
466 1453 503 1521 δέ
530 1455 568 1522 τὸ
597 1451 662 1523 ιἰπδ
691 1461 760 1521 ΔΕ
790 1454 874 1543 πρὸς
900 1455 938 1524 τὸ
967 1455 1032 1523 ἀπὸ
1060 1463 1138 1541 ΕΗ,

124 1559 231 1642 οὕτως
253 1556 291 1630 τὸ
315 1559 380 1646 ἀπὸ
405 1567 467 1627 ΓΛ
490 1559 573 1646 πρὸς
596 1557 632 1627 τὸ
657 1556 722 1627 νἰπδ
742 1566 823 1626 ΖΗ·
851 1559 967 1629 καὶτὸ
992 1558 1058 1630 ἀπὸ
1079 1569 1138 1630 ΓΛ

124 1667 188 1755 ἄρα
215 1667 300 1753 πρὸς
325 1665 363 1734 τὸ
393 1664 457 1733 ἀπὸ
488 1671 560 1732 ΘΗ
588 1671 722 1750 μείζονα
755 1665 857 1750 λόγον
887 1672 952 1754 ἔχει
984 1666 1069 1756 ῆπερ
1102 1667 1138 1738 τὸ

73 1787 105 1835 15
125 1771 190 1840 ιἰπδ
210 1780 271 1840 ΓΔ
295 1774 376 1858 πρὸς
398 1770 436 1838 τὸ
461 1768 526 1838 ἀπὸ
547 1778 622 1839 ΖΗ.
660 1769 812 1842 ἐλάσσων
834 1769 899 1857 ἄρα
921 1771 1012 1841 ἐστὶν
1032 1771 1052 1861 ῆ
1073 1781 1143 1842 ΘΗ

122 1883 181 1964 τῆς
200 1886 280 1946 ΖΗ·
305 1875 385 1963 ὅπερ
404 1873 495 1945 ἐστὶν
514 1875 694 1945 ἀδύνατον.
733 1875 795 1945 οὐκ
814 1876 880 1964 ἄρα
902 1876 923 1963 ἡ
943 1886 1010 1946 ΕΓ
1028 1882 1138 1968 τέμνει

122 1984 184 2072 τῆν
207 1984 328 2072 τομήν·
366 1981 543 2070 ἐφάπτεται
567 1983 641 2071 ἄρα.

605 2161 662 2229 λε’.

189 2283 268 2354 Ἐὰν
291 2290 484 2373 παραβολῆς
506 2283 623 2354 εὐθεῖα
645 2286 828 2373 έφᾶιιτηται
847 2292 1082 2373 συμπίπτουσαι
1100 2300 1138 2377 τῆ

71 2408 105 2458 20
125 2395 289 2486 διαμέτρῳ
323 2393 416 2471 ἐκτὸς
444 2396 503 2479 τῆς
530 2395 646 2478 τομῆς,
679 2390 699 2478 ῆ
729 2389 793 2460 ἀπὸ
821 2398 880 2479 τῆς
908 2390 997 2480 ἁφῆς
1025 2391 1140 2462 εὐθεῖα

125 2500 266 2588 ἀχθεῖσα
289 2499 493 2586 τεταγμένως
516 2498 568 2565 ἐπὶ
591 2499 651 2583 τῆν
675 2497 854 2585 διάμετρον
878 2507 956 2585 ἴσην
975 2499 1140 2587 ἀπολήψε-

124 2635 179 2676 ται
202 2606 266 2675 ἀπὸ
290 2617 348 2693 τῆς
373 2607 552 2692 διαμέτρου
574 2604 659 2690 πρὸς
680 2610 720 2693 τῆ
744 2617 875 2695 κορνφῆ
900 2609 958 2692 τῆς
980 2620 1084 2693 τομῆς
1101 2611 1140 2694 τῆ

125 2712 246 2799 μεταξὺ
265 2712 367 2798 αὐτῆς
386 2714 441 2779 καὶ
460 2724 519 2799 τῆς
537 2712 779 2798 ἐφαπτομένης,
802 2715 857 2779 καὶ
877 2717 924 2792 είς
941 2711 1001 2780 τὸν
1019 2711 1140 2800 μεταξὺ

125 2815 230 2885 τόπον
252 2830 311 2903 τῆς
334 2820 563 2905 ἐφαπτομένης
585 2817 640 2886 καὶ
663 2822 722 2902 τῆς
743 2823 847 2905 τομῆς
866 2815 1006 2905 οὐδεμία
1025 2818 1142 2887 εὐθεῖα

71 2938 106 2987 25
125 2937 387 3009 παρεμπεσεῖται.

194 3033 276 3096 ἔστω
290 3029 475 3116 παραβολή,
494 3022 533 3117 ῆς
548 3029 724 3117 διάμετρος
737 3025 758 3116 ῆ
773 3036 854 3113 ΑΒ,
869 3030 924 3096 καὶ
939 3032 1143 3117 τεταγμένος

126 3132 266 3221 ἆνῆχδω
286 3132 307 3220 ῆ
326 3142 403 3220 ΒΓ,
422 3138 477 3202 καὶ
497 3142 579 3204 έστω
600 3137 811 3222 ἐφαπτομένη
831 3147 889 3221 τῆς
907 3147 1010 3223 τομῆς
1028 3133 1049 3223 ῆ
1070 3147 1101 3204 Α
1107 3141 1142 3204 Γ.

126 3243 227 3328 λέγω,
252 3237 303 3308 ὅτι
326 3238 346 3325 ἡ
370 3249 447 3308 ΑΗ
466 3251 520 3326 ἴση
545 3243 613 3309 ἐστὶ
637 3253 675 3331 τῆ
702 3249 779 3312 ΗΒ.

128 3361 279 3368 .-..--

204 3425 245 3474 13.
265 3422 324 3473 ΖΗ
339 3449 373 3459 -
394 3423 435 3505 15²·
455 3412 588 3504 o’md]‚bjs
608 3419 644 3485 V;
660 3437 734 3478 corr.
753 3439 779 3490 p.
854 3426 896 3475 18.
914 3417 971 3491 λε’]
982 3438 1018 3503 ρ,
1038 3437 1091 3475 om.
1112 3419 1144 3487 V,

127 3508 163 3547 m.
183 3496 199 3546 2
219 3509 244 3546 v.
318 3495 360 3546 23.
380 3489 480 3559 αντῆς]
499 3508 571 3556 αντη
591 3489 629 3556 V;
650 3506 719 3546 corr.
738 3510 765 3560 p.
