2438 3892
409 130 625 182 comcouun
642 132 753 182 amna
770 132 807 185 1n
1053 133 1118 197 247

98 230 218 357 UA,
245 274 344 345 ΕΒΖ
366 272 401 337 in
423 273 553 358 punctis
575 279 620 352 A,
645 277 687 357 B,
713 277 802 338 recta
825 279 934 340 autem
958 276 999 341 ab
1023 284 1055 341 A
1078 279 1119 342 ad

100 382 129 444 B
155 379 255 445 ducta
282 379 372 464 prius
405 399 464 463 per
495 382 642 443 centrum
673 379 774 444 cadat.
824 381 911 465 dico,
942 383 1118 465 parallelas

99 506 170 551 osso
194 487 262 551 ΓΔ
285 488 318 549 ot
340 487 412 549 EZ.
809 572 811 576 Ι

164 614 243 657 nam
275 590 431 676 quoniam
464 592 624 657 sectiones
657 594 828 678 oppositae
860 598 951 676 sunt,
983 616 1119 679 quarum

98 698 280 764 diametrus
307 702 359 762 est
385 701 465 781 AB,
493 700 694 784 alteramque
722 721 833 764 earum
861 701 1025 785 contingit
1051 703 1119 765 ΓΔ

99 806 134 869 in
148 810 195 884 A,
212 807 302 868 recta
321 825 379 887 per
393 808 423 868 B
441 809 549 869 rectae
567 808 631 870 ΓΔ
648 806 806 890 parallelo
827 808 924 872 ducta
941 808 1118 872 sectionem

97 910 265 996 contingit
293 907 422 991 [1,44].
468 932 581 975 uerum
611 913 710 976 etiam
733 916 796 976 ΕΖ
824 913 995 999 contingit.
1039 936 1117 1000 ergo

99 1018 177 1100 ΓΔ,
199 1015 269 1081 ΕΖ
285 1017 462 1100 parallelae
485 1022 569 1081 sunt.

166 2085 233 2149 iam
254 2087 345 2149 recta
363 2084 404 2148 ab
424 2090 456 2147 A
475 2083 515 2146 ad
534 2086 563 2145 B
586 2081 683 2147 ducta
699 2103 758 2165 per
772 2088 919 2148 centrum
938 2085 1118 2149 sectionum

97 2212 141 2256 ne
161 2190 271 2274 cadat,
290 2189 488 2274 ducaturque
507 2188 684 2253 diametrus
704 2189 884 2254 sectionum
900 2196 933 2254 A
939 2195 981 2276 H,
1000 2196 1033 2255 et
1052 2213 1118 2256 sec-

97 2298 225 2363 tionem
242 2298 434 2381 oontingens
449 2295 585 2359 ducatur
603 2297 682 2381 ΘΚ;
700 2295 809 2379 itaque
824 2299 893 2360 ΘΚ
909 2300 943 2360 ct
961 2299 1028 2361 ΓΔ
1045 2320 1119 2381 par-

97 2403 303 2469 allelaesuut
313 2405 357 2484 [u.
370 2399 498 2486 supra].'
520 2403 834 2485 etquoniamrectae
844 2405 916 2484 ΕΖ,
926 2405 994 2465 ΘΚ
1002 2403 1118 2486 hyper·

98 2510 212 2577 bolam
220 2509 421 2594 contingunt,
429 2504 919 2592 concident[prop.XXVextr.].
941 2510 1119 2585 atoma

97 2617 276 2705 parallelae
286 2618 372 2681 sunt.
394 2635 472 2699 ergo
480 2614 579 2679 etiam
587 2616 658 2697 ΓΔ,
667 2617 726 2676 ΕΖ
733 2613 911 2696 productae
919 2618 1119 2678 concurrent.

98 2729 134 2789 et
156 2722 365 2788 manifestum
389 2724 447 2804 est,
470 2742 525 2785 eas
554 2740 743 2785 concurrere
766 2719 801 2782 in
825 2718 937 2782 eadem
955 2723 1061 2803 parte,
1084 2721 1119 2785 in

99 2853 166 2915 qua
188 2830 233 2895 sit
255 2832 411 2894 centrum.

540 2915 674 2981 XXXIL

167 3031 203 3099 Si
226 3055 299 3099 oum
322 3036 457 3117 utraque
481 3033 633 3116 opposita
656 3035 764 3096 rectae
789 3036 985 3096 concurrunt
1008 3033 1118 3098 autin

99 3140 240 3225 singulis
266 3140 395 3223 punctis
426 3139 655 3223 contingentes
689 3143 745 3202 aut
777 3138 811 3202 in
843 3137 929 3202 binis
962 3143 1119 3221 secantes,

99 3252 135 3313 st
160 3245 337 3331 productae
364 3249 470 3310 rectae
493 3245 568 3309 illae
592 3248 801 3328 concurrunt,
828 3248 984 3327 punctum
1007 3266 1118 3310 earum

101 3374 277 3419 concursus
299 3352 335 3416 in
357 3353 476 3437 anguio
500 3352 651 3435 deinceps
672 3351 781 3434 posito
801 3349 922 3433 angulo
942 3351 1118 3415 sectionem

101 3457 389 3546 comprehendenti
412 3460 473 3524 erit
496 3459 648 3543 positum.
