2438 3892
124 139 192 203 350
523 140 691 193 mm
708 139 748 208 χ’.

124 280 163 351 τὸ
180 285 284 348 ΕΛΚ
299 285 477 367 τρίγωνον.
508 277 582 347 ἀλλ’
595 277 641 360 ως
653 278 694 349 τὸ
707 278 776 349 ἀπὸ
791 288 862 350 ΕΚ
875 281 963 370 πρὸς
974 283 1013 352 τό
1029 292 1129 372 ΕΛΚ,

125 385 233 466 οὕτως
262 385 301 454 τὸ
329 385 396 454 ἀπὸ
425 392 487 453 ΓΒ
515 386 599 473 πρὸς
625 385 664 454 τὸ
691 393 804 455 ΛΓΒ·
853 389 912 456 καὶ
939 387 987 470 ὥς
1013 390 1130 478 ἄρατὸ

126 490 192 561 ὑπὸ
221 499 323 560 ΖΕΔ
349 491 433 578 πρὸς
458 491 497 560 τὸ
526 499 596 559 ΑΛ
623 492 887 581 τετράπλευρον,
919 494 959 563 τὸ
987 495 1054 565 ἀπὸ
1079 503 1130 565 ΓΒ

125 597 209 685 πρὸς
239 597 278 666 τὸ
307 604 404 665 ΑΓΒ
436 604 613 686 τρίγωνον.
664 607 741 666 ἴσον
773 598 812 668 δὲ
839 599 879 668 τὸ
908 601 972 687 μὲν
1000 611 1076 670 ΔΑ
1092 606 1130 695 τῷ

90 712 237 773 σΑΕΗ
254 702 425 796 τριγώνῳ,
452 703 492 772 τὸ
515 705 553 772 δὲ
577 711 674 772 ΑΓΒ
697 716 743 796 τῷ
767 713 883 775 ΑΘΓ·
928 709 986 775 καὶ
1009 707 1055 788 ὡς
1074 711 1131 796 ἄρα

124 809 163 877 τὸ
190 807 257 878 ὑπὸ
280 818 383 878 ΖΕΔ
410 810 494 897 πρὸς
520 812 558 879 τὸ
582 817 694 878 ΑΕΗ
717 817 900 899 τρόχωνον,
927 813 967 882 τὸ
992 813 1056 883 ἀπὸ
1077 821 1131 882 ΓΒ

124 914 208 1002 πρὸς
234 914 272 984 τό
296 922 405 986 ΑΘΓ.
451 917 608 1003 ἐναλλάξ,
638 915 683 997 ὡς
709 919 748 986 τὸ
776 916 843 986 ὑπο
868 927 973 988 ΖΕΔ
998 920 1078 1008 πρὸς
1098 922 1131 989 τὸ

125 1019 191 1089 ἀπὸ
215 1029 292 1107 ΓΒ,
319 1024 357 1090 τὸ
381 1031 494 1090 ΑΕΗ
515 1030 683 1111 τρίγωνον
713 1022 798 1112 πρὸς
819 1022 857 1093 τὸ
880 1032 990 1095 ΑΘΓ.
1036 1026 1080 1105 ὡς
1100 1027 1132 1094 δὲ

124 1126 162 1196 τὸ
190 1134 300 1196 ΑΗΕ
323 1129 408 1216 πρὸς
434 1129 473 1197 τὸ
500 1136 615 1216 ΑΘΓ,
642 1132 679 1198 τὸ
710 1127 776 1198 ἀπὸ
805 1139 872 1198 ΕΑ
899 1133 985 1220 πρὸς
1011 1131 1049 1201 τὸ
1075 1131 1131 1199 ἀπὸ

73 1254 105 1302 10
125 1239 202 1302 ΑΓ·
239 1235 295 1302 καὶ
318 1232 363 1314 ὡς
385 1234 451 1320 όέρα
473 1237 513 1304 τὸ
536 1234 602 1304 ὑπὸ
622 1244 723 1304 ΖΕΔ
746 1238 831 1324 πρὸς
852 1236 891 1306 τὸ
915 1237 983 1307 ἀπὸ
1002 1245 1078 1326 ΓΒ,
1100 1237 1131 1305 τό

125 1338 190 1408 ἀπὸ
215 1348 280 1408 ΕΑ
302 1342 386 1427 πρὸς
407 1342 446 1408 τὸ
470 1339 536 1411 ἀπὸ
561 1349 635 1411 ΑΓ.
681 1345 736 1409 καὶ
760 1345 910 1425 ἐναλλάξ.

608 1520 658 1603 ιζ’.

189 1641 267 1712 ’Βόιν
296 1643 408 1712 κω’νου
436 1649 540 1731 τομῆς
566 1641 587 1731 ῆ
616 1643 744 1711 κύκλου
767 1649 980 1731 περιφερείας
1004 1643 1067 1711 δύο
1088 1639 1131 1710 εό

124 1761 216 1819 θεῖαι
254 1751 479 1830 ἐπιψαύουσαι
516 1756 742 1837 συμπίπτωσι,
774 1753 893 1838 λήφθῆ
925 1750 966 1817 δὲ
998 1750 1052 1817 ἐπὶ
1082 1753 1130 1834 τῆς

73 1875 105 1924 ιι
124 1861 226 1943 τομῆς
254 1856 317 1924 δύο
345 1856 488 1944 τυχόντα
516 1869 651 1943 σημεῖα,
679 1855 736 1922 καὶ
765 1852 821 1922 ἄπ’
843 1854 957 1924 αὐτῶν
987 1854 1130 1942 ἀχθῶσιν

125 1966 161 2031 ἐν
184 1966 224 2051 τῆ
246 1967 331 2050 τομῆ
354 1961 443 2050 παρὰ
466 1965 526 2043 τὰς
545 1963 777 2050 ἐφαπτομένας
794 1965 978 2048 τέμνουσαι
996 1960 1130 2049 ἀλλήλας

123 2094 158 2137 τε
183 2070 240 2136 καὶ
262 2072 324 2153 τῆν
347 2069 520 2156 γραμμήν,
548 2075 655 2156 ἔσται,
684 2067 729 2149 ὡς
751 2067 792 2159 τός
815 2068 881 2136 ἀπὸ
905 2073 975 2136 τοόν
999 2070 1130 2155 ἐφαπτο·

124 2176 234 2261 μένων
262 2175 453 2261 τετράγωνα
480 2176 563 2263 πρὸς
591 2174 734 2261 ἅλλῆλα,
762 2176 802 2243 τὰ
829 2175 1052 2262 περιεχόμενα
1074 2173 1129 2242 ὑπὸ

123 2293 190 2350 των
214 2280 336 2368 ὁμοίως
360 2287 624 2369 λαμβανομένων
649 2281 804 2350 εὐθειῶν.

72 2410 105 2457 20
191 2395 273 2457 ἔστω
297 2389 410 2456 κώνου
432 2393 516 2475 τομή
540 2385 561 2475 ῆ
585 2391 712 2456 κύκλου
731 2389 923 2476 περιφέρεια
943 2385 964 2472 ή
984 2395 1063 2473 ΑΒ,
1084 2385 1131 2452 καὶ

123 2502 181 2584 τῆς
204 2506 268 2564 ΑΒ
292 2497 519 2583 ἐφαπτόμεναι
543 2499 580 2562 αἱ
597 2501 678 2580 ΑΓ,
697 2501 758 2561 ΓΒ
782 2500 1034 2580 συμπίπτουσαι
1055 2489 1129 2560 κατὰ

123 2603 160 2671 τό
185 2611 223 2683 Γ,
246 2606 302 2672 καὶ
326 2603 478 2690 εἰλήφθω
503 2603 556 2670 ἐπὶ
578 2607 637 2688 τῆς
661 2605 763 2687 τομῆς
785 2600 929 2686 τυχόντα
954 2597 1130 2685 σημεῖατὰ

123 2718 167 2787 Α,
187 2717 226 2789 Ε,
251 2711 305 2777 καὶ
330 2708 376 2802 δι’
398 2708 510 2776 αὐτῶν
533 2709 622 2795 παρὰ
646 2707 705 2787 τὰς
727 2713 807 2792 ΑΓ,
832 2712 892 2771 ΓΒ
917 2704 1082 2791 ῆχθωσαν
1103 2706 1135 2770 αι’

124 2820 263 2893 ΕΖΙΚ,
289 2823 437 2884 ΔΖΗΘ.
488 2818 589 2902 λέγω,
625 2812 675 2881 ὅτι
704 2815 810 2896 ἐστίν,
842 2809 887 2889 ὡς
913 2808 951 2877 τὸ
981 2808 1048 2878 ἀπὸ
1076 2815 1137 2877 ΑΓ

70 2935 103 2983 εδ
122 2917 206 3000 πρὸς
234 2919 271 2986 τὸ
301 2920 365 2987 ἀπὸ
389 2928 466 3001 ΓΒ,
494 2919 531 2989 τὸ
555 2918 622 2987 ὑπὸ
647 2927 751 2987 ΚΖΒ
771 2917 855 3005 πρὸς
877 2916 914 2984 τὸ
939 2915 1006 2983 ὑπὸ
1030 2924 1133 2983 ΘΖΔ.

189 3021 351 3108 ῆχθωσαν
370 3026 434 3111 γὰρ
454 3026 510 3094 διὰ
530 3031 599 3095 τῶν
619 3036 660 3111 Α,
679 3035 707 3093 Β
728 3028 899 3112 διάμετροι
919 3026 956 3088 αἱ
973 3030 1132 3105 ΑΑΒΙΝ,

123 3134 275 3205 ΒΟΞΙΙ,
298 3133 354 3197 καὶ
374 3133 656 3218 ἐκβεβλήσθωσαν
676 3136 764 3198 αἵτε
783 3130 1010 3217 ἐφαπτόμεναι
1029 3131 1085 3196 καὶ
1103 3131 1136 3194 αι’

122 3235 328 3320 παράλληλοι
356 3238 451 3322 μέχρι
479 3243 547 3305 τῶν
578 3241 781 3324 διαμέτρων,
808 3238 864 3303 καὶ
888 3234 1050 3321 ἤχθωσαν
1074 3235 1134 3302 ἀπὸ

194 3420 218 3469 8.
240 3413 303 3484 ΓΒ]
317 3428 389 3481 vpc,
409 3427 478 3466 corr.
495 3428 528 3466 ex
544 3416 625 3466 ΓΕΒ
642 3423 703 3467 m.1
720 3412 753 3467 Y.
810 3418 852 3465 24.
872 3408 929 3463 α”πὸ
944 3414 1014 3484 ΑΓ]
1035 3418 1090 3467 ΑΓ
1102 3413 1133 3469 Y:

123 3503 191 3539 corr.
211 3504 237 3555 p.
