2438 3892
420 155 636 208 conlocauit
653 155 764 206 amna
781 156 803 207 1.
1078 149 1117 212 71

99 304 137 367 et
157 300 246 367 intre
268 299 445 365 sectionem
463 300 619 382 punctum
639 297 768 382 aliquod
787 299 819 362 Γ
834 299 989 380 sumatur,
1012 298 1044 359 et
1062 316 1121 379 per

101 410 137 475 Γ
162 410 270 473 rectae
302 409 368 471 AB
399 405 557 489 parallela
586 404 722 469 ducatur
750 406 825 469 ΓΔ.
875 402 961 485 dico,
992 404 1059 467 ΓΔ
1085 401 1120 464 in

100 516 276 598 ulnamque
297 514 424 596 partem
446 502 637 595 productam
661 531 734 575 cum
758 509 901 575 sectione
920 528 1119 574 concurrere.

170 623 321 686 sumatur
347 619 434 684 enim
460 617 495 682 in
519 617 660 683 sectione
682 620 839 702 punctum
862 615 996 700 aliquod
1020 619 1064 698 E,
1086 617 1120 680 ct

98 727 241 793 ducatur
272 730 343 791 EZ.
393 729 425 790 et
458 724 613 809 qnoniam
642 727 708 788 AB
736 727 843 789 rectae
872 725 939 788 ΓΔ
964 722 1121 806 parallelo

582 835 647 914 est,
680 834 713 895 et
745 853 818 895 cum
846 833 912 894 AB
940 831 1028 893 recta
1056 831 1119 892 ΕΖ

583 937 756 1021 concurrit,
771 937 870 1001 etiam
885 938 948 1001 ΓΔ
960 935 1119 1020 producta

583 1065 655 1108 cum
674 1047 737 1108 ΕΖ
765 1047 942 1109 concurret.
993 1048 1026 1107 et
1050 1042 1119 1106 siue

582 1150 667 1214 inter
691 1154 779 1234 E,Z
807 1149 983 1233 concurrit,
1016 1148 1118 1213 mani·

582 1256 703 1320 festum
731 1259 793 1339 est,
821 1277 893 1320 eam
921 1255 1019 1320 etiam
1045 1278 1118 1320 cnm

584 1362 726 1427 sectione
737 1383 935 1445 concurrere,
949 1363 1017 1426 siue
1028 1366 1119 1426 extra

263 1461 292 1514 Α
530 1522 560 1567 „
582 1471 738 1553 punctum
746 1472 784 1551 E,
793 1469 883 1552 prius
893 1490 966 1532 cum
977 1469 1118 1532 sectione

583 1577 760 1640 concurret.
820 1574 932 1659 itaque
973 1576 1040 1639 ΓΛ
1078 1574 1118 1639 ad

100 1649 132 1703 Δ
581 1684 689 1762 partes
710 1686 751 1764 A,
770 1685 802 1745 E
822 1702 936 1745 uersus
959 1680 1118 1765 producte

97 1808 176 1853 cum
194 1786 337 1851 sectione
354 1786 525 1852 concurrit.
557 1786 709 1852 similiter
723 1787 1027 1871 demonstrabimus,
1046 1808 1116 1852 eam

97 1893 201 1959 ctiam
230 1892 269 1957 ad
299 1896 340 1976 Z,
363 1896 391 1956 Β
418 1914 532 1957 uersus
562 1893 754 1978 productam
784 1916 983 1961 concurrere.
1038 1914 1116 1980 ergo

98 2000 169 2067 ΓΔ
195 2000 230 2064 in
257 2002 576 2083 utramquepartem
600 2000 756 2084 producta
780 2024 853 2066 cum
876 2002 1017 2067 sectione
1041 2023 1116 2067 con-

98 2109 218 2173 curret

567 2192 655 2261 XIX.

167 2320 208 2385 In
244 2318 388 2404 qualibet
424 2319 498 2384 coni
535 2321 677 2384 sectione
713 2323 814 2404 recta,
852 2342 1059 2406 quaecunque
1096 2345 1116 2386 a

97 2427 262 2493 diametro
283 2428 390 2490 rectae
409 2425 556 2491 ordinate
576 2426 690 2491 ductae
708 2427 864 2510 parallelo
882 2426 1019 2509 ducitur,
1042 2449 1115 2492 cum

96 2531 246 2599 sectione
268 2535 445 2598 concurret.

168 2638 213 2704 sit
236 2640 310 2705 coni
333 2639 443 2723 sectio,
467 2639 557 2704 cuius
581 2639 757 2704 diametrus
782 2639 825 2702 sit
843 2643 919 2723 AB,
942 2644 975 2704 et
994 2640 1029 2703 in
1048 2640 1114 2705 dia·

98 2749 205 2811 metro
233 2750 388 2830 punctum
415 2745 546 2830 aliquod
574 2749 602 2809 Β
631 2750 790 2829 sumatur,
819 2749 851 2809 et
876 2768 934 2830 per
957 2751 984 2811 B
1007 2752 1114 2813 rectae

98 2852 248 2919 ordinate
284 2853 397 2918 ductae
431 2852 589 2937 parallela
627 2853 762 2917 ducatur
794 2855 866 2918 ΒΓ.
926 2854 1015 2938 dico,
1053 2859 1120 2919 ΒΓ

97 2959 292 3046 productam
316 2981 388 3025 cum
412 2960 553 3025 sectione
576 2980 771 3024 concurrere.

167 3070 316 3132 sumatur
351 3066 437 3131 enim
472 3067 507 3131 in
539 3067 682 3131 sectione
713 3070 869 3151 punctum
902 3068 1032 3153 aliquod
1065 3075 1106 3154 A,

97 3192 214 3241 nerum
247 3172 343 3238 ctiam
377 3178 409 3237 A
434 3175 469 3237 in
496 3173 638 3238 sectione
666 3178 728 3258 est,
759 3174 869 3258 itaque
897 3179 985 3240 recta
1012 3177 1053 3240 ab
1081 3181 1115 3240 A

99 3280 140 3347 ad
153 3284 189 3345 Δ
202 3280 299 3346 ducta
312 3279 398 3346 intra
412 3281 586 3345 sectionem
601 3278 694 3344 cadet
709 3282 812 3365 [prop.
827 3281 880 3362 X].
914 3286 946 3346 et
961 3283 1113 3368 quoniam

170 3436 205 3493 In
221 3438 312 3508 ligura
329 3436 422 3508 priore
440 3438 550 3491 litteras
564 3441 630 3505 A,B
649 3438 816 3507 permutem,
837 3439 927 3493 altera
940 3439 969 3492 in
984 3452 1063 3507 prop.
1079 3443 1112 3492 19

98 3508 167 3567 nab.
185 3508 222 3581 V,
241 3507 292 3565 sed
309 3525 441 3564 numerus
461 3514 494 3563 18
513 3510 539 3579 (e
558 3511 639 3578 corr.)
658 3508 771 3563 additus
790 3509 816 3562 ei
835 3513 885 3564 est.
