2446 3916
365 178 580 231 conlocauit
598 179 708 229 mana
725 180 760 232 11.
1002 175 1068 241 299
1185 234 1188 239 .

54 325 89 386 et
101 321 206 387 latera
219 323 326 395 rectos
341 322 478 405 angulos
494 321 799 421 comprehendentia
813 321 1071 405 proportionalia

55 431 145 512 sunt3
167 428 278 512 itaque
296 432 318 503 L
333 428 435 491 ΓΔΕ
448 456 490 480 =
506 430 607 491 ΖΗΘ
627 426 730 508 [Eucl.
749 425 806 508 VI,
826 427 871 506 6].
907 447 985 511 ergo
1004 430 1070 492 ΓΔ

55 534 226 618 problema
249 531 356 598 efficit.
537 619 581 686 LI

122 746 243 812 Datam
263 746 338 812 coni
357 738 532 812 coctionem
552 746 795 830 contingentem
813 749 935 812 rectam
950 745 1075 828 ducere,

56 875 237 939 quaecum
261 853 420 920 diametro
444 873 502 938 per
525 857 680 937 punctum
704 856 872 918 contactus
895 852 993 916 ducta
1017 872 1073 916 an-

55 960 168 1047 gulum
205 960 457 1045 comprehendat
494 962 569 1026 dato
608 960 728 1046 angulo
766 963 859 1026 acuto
896 958 1072 1044 aequalem.

124 1067 201 1132 data
226 1066 300 1132 coni
323 1068 424 1133 sectio
448 1067 538 1153 prius
563 1068 607 1132 sit
629 1066 796 1152 parabola,
821 1066 911 1132 cuius
935 1064 1005 1130 axis
1029 1064 1072 1128 sit

56 1176 133 1259 AB,
156 1173 250 1238 datus
274 1178 384 1240 autem
408 1175 548 1260 angulus
573 1174 617 1239 sit
635 1177 671 1238 Θ.
709 1177 836 1259 oportet
858 1173 959 1258 igitur
977 1194 1073 1257 para-

55 1279 168 1344 bolam
188 1281 429 1366 contingentem
447 1285 571 1347 rectam
585 1282 708 1366 ducere,
728 1303 897 1367 quaecum
913 1281 1071 1345 diametro
1202 1303 1203 1309 ¹

57 1408 77 1450 a
117 1390 238 1470 puncto
280 1391 449 1455 contactus
490 1388 587 1454 ducta
626 1389 782 1474 angulum
819 1385 1072 1471 comprehendat

57 1494 178 1578 angulo
201 1497 230 1558 Θ
255 1496 432 1579 aequalem.

125 1599 168 1664 sit
198 1599 332 1681 facturn,
366 1603 622 1688 contingensque
655 1601 751 1666 ducta
779 1601 822 1665 sit
848 1602 915 1664 ΓΔ
943 1597 984 1663 ad
1011 1599 1077 1662 ΕΓ

57 1706 251 1772 diametrum
284 1730 341 1791 per
372 1712 528 1793 punctum
559 1712 726 1776 contactus
757 1708 897 1772 ductam
915 1706 1072 1790 angulum

56 1815 159 1878 ΕΓΔ
187 1814 330 1880 efficiens
360 1816 480 1900 angulo
504 1820 533 1880 Θ
561 1816 743 1901 aequalem,
771 1818 805 1879 et
826 1816 894 1878 ΓΔ
918 1835 990 1878 cum
1014 1832 1073 1877 axe

57 2667 230 2731 concurret
256 2664 291 2727 in
318 2666 359 2730 A.
405 2664 471 2729 iam
499 2662 653 2748 quoniam
681 2668 713 2725 A
719 2666 751 2724 A
778 2662 886 2724 rectae
914 2663 981 2724 ΕΓ
1001 2682 1075 2743 par·

58 2771 158 2837 allela
171 2773 221 2836 est
232 2770 269 2855 [I,
279 2770 320 2836 51
333 2771 468 2851 coroll.]‚
479 2770 570 2844 eritL
581 2771 736 2834 AAF=
746 2768 848 2830 ΕΓΔ
859 2766 962 2846 [Eucl
972 2767 997 2844 Ι,
1007 2767 1074 2848 29].

52 2899 172 2943 uerum
189 2881 327 2954 [ΕΓΔ
346 2878 442 2943 (latus
461 2880 523 2960 est3
548 2880 598 2940 est
617 2876 703 2941 enim
721 2879 742 2950 l
757 2877 859 2938 ΕΓΔ
874 2903 916 2927 =
931 2877 972 2958 &3
996 2893 1075 2959 ergo

60 2983 161 3049 etiarn
184 2986 328 3060 [ΑΔΓ
346 2985 440 3049 datus
463 2986 522 3048 est.

126 3095 338 3176 componetur
359 3092 422 3157 hoo
446 3089 555 3155 modo:
579 3089 622 3155 sit
644 3088 810 3173 parabola,
833 3087 924 3152 cuius
944 3088 1012 3152 axis
1033 3089 1077 3153 sit

58 3201 140 3282 AB,
167 3198 261 3263 (latus
290 3202 398 3263 autem
427 3196 566 3281 angulus
590 3197 634 3260 sit
656 3200 693 3261 Θ.
739 3196 875 3260 ducatur
898 3195 1076 3260 sectionem

58 3303 249 3390 contingens
287 3308 355 3370 ΓΔ
392 3305 433 3369 ad
471 3325 564 3369 axem
601 3302 744 3368 efficiens
781 3300 937 3387 angulum
968 3301 1082 3396 AAF

130 3459 185 3514 Hic
196 3476 307 3530 quoque
321 3463 428 3532 figurae
444 3460 555 3517 adiecta
570 3464 634 3516 eunt
649 3460 783 3529 quattuor·
796 3456 1076 3527 rectangularcctae·

59 3547 114 3602 que
133 3532 164 3586 in
183 3532 265 3601 ch;
285 3548 339 3590 om.
358 3551 386 3603 p.
