2438 3892
125 154 170 216 44
523 153 690 206 ΚΩΝΙΚΩΝ
708 148 749 206 α’.

125 294 255 379 ἄξονος,
269 295 325 362 καὶ
340 301 473 363 ποιείτω
488 292 595 380 τομήν
609 292 646 362 τὸ
664 303 695 361 Α
704 299 766 361 ΒΓ
775 298 956 380 τρίγωνον,
971 295 1160 384 τετμήσθω

126 401 163 470 δέ
185 402 242 470 καὶ
265 402 363 493 ἑτέρω
388 390 531 492 ἐπιπέδῳ
555 403 710 487 τέμνοντι
733 399 796 487 τήν
820 398 922 485 βάσιν
947 405 1015 469 τοῦ
1040 403 1160 473 κώνου

124 505 195 575 κατ’
218 506 357 582 εὐθεῖαν
380 505 441 594 τήν
461 514 530 574 ΔΕ
552 505 635 592 πρὸς
654 505 762 592 ὀρθὰς
781 498 888 574 οὖσαν
906 510 948 594 τῇ
969 514 1045 574 ΒΓ
1058 509 1158 596 βάσει

124 619 185 682 τοῦ
200 621 303 682 ΑΒΓ
317 613 497 700 τριγώνου,
515 615 569 680 καὶ
590 619 725 681 ποιείτω
739 611 846 700 τομήν
861 615 897 681 ἐν
911 618 952 700 τή
968 616 1160 706 ἐπιφανείᾳ

89 744 106 792 ο
124 725 185 789 τοῦ
200 719 312 789 κώνου
326 719 387 806 τήν
400 730 433 787 A
439 728 504 788 ZE
514 719 683 808 γραμμήν,
698 716 718 805 ή
735 718 772 787 δὲ
787 718 965 805 διάμετρος
973 725 1041 807 τῆς
1050 728 1158 810 τομής

125 824 146 914 ή
166 834 237 894 ΖΗ
257 828 481 914 ἐκβαλλομένη
507 827 716 914 συμπιπτέτω
740 830 799 916 μιᾷ
818 830 945 914 πλευρᾷ
964 832 1033 896 τοῦ
1055 835 1164 898 ΑΒΓ

124 934 292 1020 τριγώνου
319 938 358 1022 τή
383 941 452 1002 ΑΓ
471 932 563 1012 έκτὸς
585 945 644 1020 τής
666 944 727 1001 τοῦ
751 936 863 1001 κώνου
885 939 1048 1020 κορυφῆς
1071 939 1158 1004 κατὰ

125 1038 162 1107 τὸ
187 1047 230 1124 Θ,
253 1041 308 1108 καὶ
333 1040 388 1121 διὰ
412 1045 473 1109 τοῦ
498 1052 529 1108 Α
551 1051 591 1129 τῇ
617 1041 782 1132 διαμέτρῳ
806 1043 864 1126 τής
886 1051 993 1127 τομῆς
1018 1046 1061 1130 πή
1088 1051 1162 1111 ΖΗ

124 1144 336 1231 παράλληλος
364 1143 460 1232 ήχθω
490 1143 510 1231 ή
535 1154 624 1231 ΑΚ,
652 1146 708 1213 καὶ
731 1147 874 1232 τεμνέτω
897 1144 960 1231 τήν
985 1155 1069 1232 ΒΓ,
1100 1151 1156 1217 καὶ

74 1275 106 1323 10
125 1246 191 1318 ἀπὸ
223 1254 284 1318 τοῦ
313 1258 340 1317 Ζ
371 1254 411 1339 τή
441 1259 512 1318 ΖΗ
539 1250 622 1338 πρὸς
654 1249 762 1338 ὀρθὰς
793 1250 888 1338 ήχθω
922 1247 943 1337 ή
977 1259 1066 1339 ΖΛ,
1100 1257 1157 1324 καὶ

124 1358 330 1444 πεποιήσθω,
355 1354 399 1438 ώς
423 1355 460 1426 τὸ
480 1355 545 1426 ἀπὸ
566 1364 635 1425 KA
653 1358 737 1445 πρὸς
755 1357 793 1425 τὸ
813 1356 878 1425 ὑπὸ
897 1364 1018 1445 ΒΚΓ,
1045 1361 1158 1441 οὕτως

125 1461 222 1551 ήΖΘ
239 1463 324 1551 πρὸς
339 1473 418 1551 ΖΛ,
436 1466 492 1533 καὶ
512 1463 666 1551 εἰλήφθω
684 1490 715 1532 τι
736 1479 874 1550 σημεῖον
893 1464 946 1532 ἐπὶ
965 1469 1029 1551 τής
1048 1473 1156 1555 τομής

123 1570 225 1659 τυχὸν
258 1569 295 1641 τὸ
329 1579 388 1659 Μ,
421 1574 476 1641 καὶ
510 1571 566 1639 διὰ
598 1575 659 1639 τοῦ
692 1579 735 1638 Μ
762 1576 802 1659 τή
831 1579 902 1638 ΔΕ
930 1571 1157 1660 παράλληλος

123 1676 220 1764 ήχθω
249 1677 269 1765 ή
297 1684 393 1764 ΜΝ,
422 1678 477 1746 διὰ
507 1678 544 1745 δὲ
570 1682 631 1746 τοῦ
660 1684 698 1745 Ν
721 1682 760 1766 τή
791 1684 854 1745 ΖΛ
880 1676 1105 1765 παράλληλος
1133 1679 1154 1768 ή

72 1807 105 1856 15
125 1790 163 1851 Ν
166 1788 241 1868 ΟΞ,
263 1784 319 1851 καὶ
344 1787 572 1871 ἐπιζευχθεῖσα
596 1781 616 1871 ή
640 1791 706 1852 ΘΛ
729 1782 942 1870 ἐκβεβλήσθω
967 1785 1025 1852 ἐπὶ
1050 1785 1090 1854 τὸ
1116 1790 1153 1872 Ξ,

125 1889 181 1957 καὶ
214 1888 270 1957 διὰ
297 1892 366 1956 τών
394 1897 439 1976 Α,
466 1893 497 1968 Ξ
521 1893 560 1978 τή
590 1896 660 1957 ΖΝ
684 1890 890 1975 παράλληλοι
918 1887 1090 1975 ήχθωσαν
1119 1897 1159 1960 αί

128 2003 157 2063 A
164 2002 207 2081 Ο,
231 1997 305 2070 ΞΠ.
342 1996 437 2085 λέγω,
462 1994 512 2064 ὅτι
535 1993 556 2082 ή
576 2003 657 2062 ΜΝ
678 1994 820 2063 δύναται
844 1994 881 2062 τὸ
903 1995 977 2080 ΖΞ,
1002 1993 1152 2083 ὃπαριί·

125 2128 230 2170 κειται
253 2101 342 2188 παρὰ
366 2101 427 2189 τήν
448 2109 511 2168 ΖΛ
529 2101 650 2180 πλάτος
670 2107 746 2188 ἔχον
764 2103 826 2187 τήν
847 2107 918 2169 ΖΝ
931 2098 1155 2189 ὑπερβάλλον

126 2213 208 2277 τίθει
231 2210 277 2300 τῷ
301 2212 365 2280 ΛΞ
385 2205 489 2299 ὁμοίῳ
514 2207 587 2276 ὄντι
610 2213 656 2300 τῷ
679 2208 744 2277 ὑπὸ
769 2213 836 2276 τών
861 2214 966 2276 ΘΖΛ.

72 2340 106 2388 20
191 2314 287 2403 ήχθω
310 2313 375 2402 γὰρ
400 2315 455 2383 διὰ
478 2327 540 2384 τοῦ
560 2322 598 2383 Ν
615 2321 654 2404 τή
675 2322 741 2383 ΒΓ
754 2311 1006 2403 παρώλλήλοςή
1030 2325 1152 2388 ΡΝΣ·

124 2427 193 2490 ἔστι
222 2422 260 2490 δὲ
286 2423 342 2490 καὶ
371 2419 391 2509 ή
415 2430 499 2490 ΝΜ
520 2426 560 2511 τή
585 2430 655 2489 ΛΕ
676 2422 895 2508 παράλληλος·
931 2421 968 2489 τό
995 2419 1068 2510 ἄρα
1093 2426 1151 2494 διὰ

123 2542 191 2598 τών
211 2537 304 2615 ΜΝ,
328 2537 394 2598 ΡΣ
414 2533 571 2599 ἐπίπεδον
594 2527 811 2615 παρώλληλόν
835 2531 902 2596 ἐστι
925 2530 971 2618 τῷ
996 2528 1057 2597 διὰ
1080 2536 1151 2600 τῶν

124 2642 200 2719 ΒΓ,
232 2644 314 2723 ΛΕ,
346 2639 495 2706 τουτέστι
527 2641 566 2725 τή
600 2634 696 2722 βάσει
728 2645 790 2702 τοῦ
819 2636 941 2703 κώνου.
988 2634 1053 2703 ἐὰν
1082 2637 1151 2725 ἄρα

125 2744 273 2829 ἐκβλήθή
306 2745 343 2811 τὸ
379 2746 434 2812 διὰ
465 2747 534 2810 τών
568 2749 661 2828 ΜΝ,
699 2748 764 2809 ΡΣ
793 2743 966 2826 ἐπίπεδον,
1003 2738 1026 2827 ή
1062 2747 1150 2832 τομὴ

72 2869 106 2917 25
124 2848 246 2925 κύκλος
273 2853 379 2934 ἔσται,
413 2843 454 2917 οὗ
482 2849 657 2936 διάμετρος
685 2846 705 2935 ή
735 2854 845 2915 ΡΝΣ.
890 2847 945 2914 καί
974 2851 1070 2917 ἔστιν
1099 2850 1148 2920 ἐπ’

125 2951 231 3040 αὐτήν
259 2953 400 3034 κάθετος
428 2954 448 3041 ή
474 2963 564 3024 ΜΝ·
601 2955 638 3024 τὸ
668 2954 735 3042 ἄρα
760 2952 825 3022 ὑπὸ
848 2958 917 3022 τών
940 2960 1049 3022 ΡΝΣ
1071 2965 1150 3026 ίσον

125 3062 194 3128 ἐστὶ
217 3064 262 3152 τῷ
287 3056 352 3127 ἀπὸ
375 3065 433 3147 τής
452 3068 539 3128 ΜΝ.
574 3062 631 3128 καὶ
654 3063 728 3129 έπεί
743 3064 843 3146 ἐστιν,
868 3059 912 3138 ὡς
929 3058 967 3127 τὸ
987 3057 1057 3129 ἀπὸ
1078 3071 1151 3131 AK

125 3165 208 3252 πρὸς
230 3164 268 3233 τὸ
291 3163 357 3233 ὑπὸ
377 3173 493 3253 ΒΚΓ,
519 3165 624 3246 οὕτως
648 3165 668 3254 ή
688 3175 749 3236 ΖΘ
771 3166 855 3253 πρὸς
874 3171 952 3251 ΖΛ,
977 3163 995 3233 ὁ
1022 3167 1063 3236 δὲ
1085 3174 1150 3238 τοῦ

197 3366 221 3415 2.
246 3362 319 3414 Anto
337 3359 468 3431 τέμνοντι
488 3361 542 3416 del.
562 3357 610 3416 διὰ
635 3362 686 3416 τοῦ
706 3357 808 3428 ἄξονος
826 3381 863 3415 m.
885 3367 898 3414 l
920 3359 951 3413 V.
1027 3367 1071 3416 11.
1096 3385 1145 3420 πε·

124 3435 263 3488 ποιείσθω
275 3431 307 3498 V,
318 3448 387 3487 corr.
398 3451 424 3502 p.
471 3433 535 3502 ΚΑ]
551 3452 578 3502 p,
593 3434 692 3501 MV,
707 3451 775 3489 corr.
787 3438 887 3487 ποθι.
934 3434 1146 3507 15.ΝοΞ]ρ;

127 3506 183 3564 ΟΞ
201 3521 271 3560 corr.
285 3521 319 3559 ex
333 3505 393 3562 ΩΞ
405 3507 468 3573 post
483 3519 537 3557 ras.
552 3506 634 3558 unius
649 3505 705 3559 litt.
715 3504 748 3573 V,
768 3507 828 3564 ΩΞ
841 3521 926 3572 supra
940 3519 992 3556 scr.
1004 3505 1083 3561 Nm.
1094 3513 1111 3561 2
1123 3527 1147 3563 v,
