2438 3892
146 143 188 206 12
543 145 709 197 mmm
728 142 767 198 α’.

144 305 258 354 τωσαν
279 286 361 354 κατὰ
380 286 421 353 τὰ
440 293 480 373 Β,
493 293 533 372 Γ,
556 287 611 352 καὶ
631 285 817 372 ἐπεζεύχθω
837 282 858 371 ἡ
876 291 956 352 ΒΓ·
986 291 1085 356 ἔσται
1104 288 1169 376 ἅμα

144 390 165 480 ή
189 398 257 460 ΒΓ
279 392 374 473 ἐντὸς
395 397 457 461 τοῦ
479 392 619 460 κύκλου·
657 390 742 460 ὥστε
766 392 822 458 καὶ
843 397 904 478 τῆς
925 406 1080 480 κωνικής
1102 396 1168 464 ἐπι-

144 506 294 586 φανείας.
325 499 480 586 εἰλήφθω
500 496 543 584 δή
562 499 616 566 έπλ
631 509 691 584 τῆς
705 506 776 565 ΔΕ
791 498 895 586 τυχὸν
915 515 1060 587 σημεῖον
1075 502 1113 570 τὸ
1130 512 1166 589 Ζ,

143 608 199 673 καλ
223 608 449 692 ἐπιζευχθεῖσα
473 602 494 691 ἡ
519 615 551 671 Α
557 612 584 671 Ζ
608 602 833 691 ἐκβεβλήσθω.
868 619 1018 674 πεσεῖται
1045 609 1091 696 δὴ
1115 612 1167 678 ἐπὶ

109 711 206 799 στήν
225 719 292 782 ΒΓ
311 711 464 780 εὐθεῖαν·
496 710 535 779 τὸ
554 711 619 798 γὰρ
634 717 730 779 ΒΓΑ
752 717 919 798 τρίγωνον
938 715 976 780 ἐν
994 713 1055 782 ἑνί
1076 719 1167 786 ἐστιν

31 902 34 907 ⁴
144 821 297 908 ἐπιπέδῳ.
342 821 484 886 πιπτέτω
507 816 590 886 κατὰ
612 817 651 886 τὸ
674 822 719 885 Η.
766 820 836 886 ἐπεὶ
860 810 985 888 οὖντὸ
1009 827 1054 887 Η
1072 824 1167 904 ἐντός

144 927 214 992 ε’στι
242 928 299 1010 τῆς
326 929 471 1011 κωνικής
497 928 706 1011 ἐπιφανείας,
739 926 795 992 καλ
817 925 839 1011 ή
864 933 941 992 ΑΗ
971 924 1042 1014 ἄρα
1072 931 1167 1010 ἐντός

144 1033 213 1098 ἐστι
232 1034 291 1115 τῆς
308 1041 452 1116 κωνικής
470 1033 678 1117 ἐπιφανείας·
701 1028 785 1098 ὥστε
803 1032 859 1098 καλ
877 1030 915 1099 τὸ
931 1039 959 1098 Ζ
978 1034 1080 1114 ἐντός
1098 1039 1167 1104 ἐστι

143 1140 203 1222 τῆς
226 1140 371 1222 κωνικής
395 1138 599 1221 ἐπιφανείας.
636 1133 761 1222 ὁμοίως
783 1135 825 1223 δή
850 1137 1085 1227 δειχθήσεται,
1114 1141 1165 1211 ὅτι

93 1255 127 1304 10
145 1243 201 1309 καλ
224 1241 332 1310 πάντα
355 1241 396 1309 τὰ
420 1243 473 1310 ἐπὶ
495 1247 554 1328 τῆς
573 1248 641 1309 ΔΕ
663 1257 783 1329 σημεῖα
807 1242 902 1322 ἐντός
925 1247 994 1312 ἐστι
1016 1251 1081 1332 τῆς
1100 1249 1166 1315 ἐπι-

144 1356 297 1436 φανείας·
329 1347 350 1436 ή
375 1348 440 1434 ἄρα
463 1356 534 1416 ΔΕ
555 1348 651 1428 ἐντός
673 1352 742 1417 ἐστι
764 1354 823 1436 τής
847 1351 1053 1437 ἐπιφανείας.

211 1456 427 1543 ἐκβεβλήσθω
457 1454 499 1543 δή
530 1454 550 1542 ή
576 1462 645 1523 ΔΕ
676 1457 729 1523 ἐπὶ
755 1456 793 1524 τὸ
818 1463 855 1524 Θ.
901 1459 987 1543 λέγω
1015 1461 1079 1546 δή,
1113 1461 1165 1554 ὅτι

144 1565 238 1643 ἐκτὸς
251 1577 398 1631 πεσεῖται
412 1567 472 1649 τής
484 1566 629 1648 κωνικής
643 1565 845 1648 ἐπιφανείας.
877 1568 909 1630 εί
920 1563 985 1651 γὰρ
1002 1567 1167 1655 δυνατόν,

75 1664 78 1670 ’
143 1675 227 1738 ε”στω
245 1696 277 1736 τι
301 1666 402 1754 αὐτῆς
420 1668 458 1736 τὸ
480 1673 509 1734 Θ
533 1667 578 1754 μὴ
602 1666 694 1747 ἐκτὸς
717 1672 776 1753 τῆς
793 1672 937 1755 κωνικής
955 1671 1168 1760 ἐπιφανείας,

91 1787 124 1836 15
143 1775 198 1842 καὶ
218 1777 447 1861 ἐπιζευχθεῖσα
465 1771 485 1859 ἡ
501 1780 567 1841 ΑΘ
586 1771 816 1860 ἐκβεβλήσθω·
839 1788 985 1842 πεσεῖται
1005 1775 1049 1863 δή
1070 1775 1093 1865 ἢ
1114 1783 1167 1848 ἐπὶ

143 1879 205 1967 τὴν
219 1881 436 1967 περιφέρειαν
449 1891 510 1948 τοῦ
524 1877 684 1966 κύκλουή
700 1880 807 1959 ἐντός·
832 1879 913 1965 ὅπερ
929 1882 1020 1949 ἐστὶν
1035 1881 1167 1954 ἀδύνα-

142 2008 217 2054 τον·
249 1991 359 2054 πίπτει
387 1984 452 2073 γὰρ
476 1987 530 2054 ἐπὶ
557 1984 620 2073 τήν
643 1993 710 2054 ΒΓ
734 1988 981 2074 ἐκβαλλομένην
1011 1985 1058 2068 ὡς
1082 1992 1166 2060 κατὰ

143 2093 180 2160 τὸ
205 2100 246 2160 K.
293 2093 314 2179 ή
339 2100 403 2161 ΕΘ
426 2092 492 2180 ἅμα
516 2093 609 2171 ἐκτός
633 2095 702 2160 ἐστι
724 2097 782 2180 τῆς
806 2096 1009 2180 ἐπιφανείας.

211 2196 316 2287 ήίίρα
337 2207 407 2267 ΔΕ
428 2199 523 2280 ἐντός
546 2202 615 2267 ἐστι
637 2203 696 2285 τῆς
714 2203 858 2286 κωνικής
876 2202 1088 2287 ἐπιφανείας,
1112 2207 1167 2274 καὶ

89 2303 164 2393 2οή
189 2303 239 2374 ἐπ’
262 2303 397 2386 εὐθείας
420 2304 503 2394 αὐτή
528 2305 629 2385 ἐκτός.

631 2447 675 2532 γ’.

206 2572 285 2640 Ἐὰν
312 2577 421 2652 κῶνος
445 2572 589 2661 ἐπιπέδῳ
617 2575 730 2660 τμηθῇ
762 2571 819 2638 διὰ
852 2576 911 2659 τής
941 2580 1112 2662 κορυφῆς,
1143 2578 1165 2666 ἡ

142 2677 226 2764 τομή
251 2679 419 2764 τρίγωνόν
443 2681 542 2747 ἐστιν.

211 2788 293 2851 ἔστω
316 2789 442 2870 κῶνος,
466 2777 507 2852 οὗ
530 2784 663 2872 κορυφή
686 2785 747 2871 μὲν
770 2784 808 2853 τὸ
831 2791 864 2853 Α
887 2799 1041 2872 σημεῖον,
1066 2791 1166 2874 βοίσις

89 2901 123 2950 25
143 2887 180 2956 δέ
201 2886 218 2956 ὁ
234 2895 302 2956 ΒΓ
314 2889 446 2975 κύκλος,
465 2891 521 2957 καὶ
534 2890 712 2978 τετμήσθω
728 2893 873 2982 ἐπιπέδῳ
894 2893 961 2961 τινλ
981 2892 1039 2960 διὰ
1053 2902 1119 2966 τοῦ
1133 2903 1165 2966 A

143 3001 300 3080 σημείου,
331 2996 387 3062 καὶ
415 3003 550 3064 ποιείτω
578 2997 681 3084 τομὰς
709 2999 762 3066 ἐπὶ
789 2998 851 3085 μὲν
878 3003 937 3085 τής
964 3001 1164 3086 ἐπιφανείας

142 3101 200 3179 τὰς
214 3109 246 3167 Α
251 3108 291 3186 Β,
307 3110 337 3167 Α
343 3107 375 3168 Γ
388 3102 553 3190 γραμμάς,
577 3106 614 3172 ἐν
634 3104 671 3172 δὲ
689 3109 729 3192 τή
744 3104 841 3188 βάσει
854 3102 915 3191 τήν
930 3111 997 3172 ΒΓ
1011 3106 1163 3179 εὐθεῖαν.

142 3209 239 3292 λέγω,
264 3206 315 3274 ὅτι
337 3207 375 3276 τὸ
400 3216 505 3277 ΑΒΓ
522 3211 692 3297 τρίγωνόν
716 3214 815 3279 ἐστιν.

216 3356 239 3402 1.
259 3344 325 3418 ἄρα]
341 3367 391 3416 ov3
412 3368 491 3406 enan.
507 3350 541 3420 V,
560 3369 618 3420 rep.
633 3369 690 3420 mg.
705 3370 741 3407 m.
756 3368 810 3408 reo.
867 3357 909 3407 16.
924 3353 1122 3422 περιφέφειαν
1136 3357 1162 3412 V

142 3420 183 3489 (in
201 3420 250 3473 alt.
270 3439 291 3488 φ
309 3421 363 3474 inc.
383 3422 430 3476 fol.
454 3426 509 3490 3¹¹),
538 3440 607 3478 corr.
627 3441 664 3476 m.
683 3438 738 3478 rec.
829 3419 986 3495 ἀδύνατον]
1011 3441 1061 3493 cv,
1093 3449 1161 3484 -τον

144 3490 267 3546 euan.V.
306 3487 648 3563 20.έκτός]έκτο’ςτ-Ἷ.
691 3495 832 3565 mm]
843 3513 871 3564 p,
885 3496 976 3563 ΑΓΒ,
988 3504 1161 3555 corr.m.2v.
