2438 3892
124 157 190 223 310
523 157 690 212 mum
709 151 749 228 β’·

124 319 209 369 σονα
238 297 342 385 λόγον
367 303 432 385 ἔχει
455 295 540 385 ἥπερ
562 294 583 383 ἡ
608 299 673 374 ΧΞ
692 299 778 384 πρὸς
803 298 870 372 ΤΞ.
916 292 991 366 ἀλλ’
1014 295 1059 377 ὡς
1079 296 1132 384 μὲν

104 403 144 492 ἡ
168 413 242 473 ΠΤ
265 403 349 492 πρὸς
377 410 451 489 TO,
478 402 517 472 τὸ
546 402 612 472 ἀπὸ
642 411 713 471 ΤΝ
736 402 819 491 πρὸς
845 401 884 472 τὸ
908 400 975 471 ἀπὸ
1004 410 1065 471 ΤΟ
1085 403 1134 472 καὶ

123 510 161 581 τὸ
185 509 251 580 ἀπὸ
274 518 341 578 ΒΕ
361 508 445 598 πρὸς
466 509 504 578 τὸ
529 507 594 578 νἰττὸ
617 512 684 578 ΕΓ
702 511 757 577 καὶ
781 507 802 596 ἡ
826 514 950 596 πλαγία
972 508 1058 599 πρὸς
1078 508 1133 597 τὴν

125 617 249 706 ὀρθίαν
272 619 328 686 καὶ
351 617 389 685 τὸ
414 614 480 685 ὑπὸ
503 623 614 685 ΗΚΕ
635 614 719 704 πρὸς
741 615 779 685 τὸ
802 613 868 684 ἀπὸ
893 623 972 683 ΚΖ·
1016 616 1053 685 τὸ
1077 617 1135 705 ἅμα

89 723 190 798 οὖντὸ
218 731 327 792 ΗΚΕ
357 722 441 811 πρὸς
472 723 510 790 τὸ
542 721 607 791 ἀπὸ
637 729 704 789 ΚΖ
736 721 904 795 ἐλάσσονα
938 720 1044 808 λόγον
1075 727 1135 810 ἔχει

123 835 209 920 ἥπερ
233 829 254 918 ἡ
274 833 339 908 ΧΞ
359 828 444 915 πρὸς
461 831 537 915 ΞΤ,
560 833 709 897 τουτέστι
731 828 770 896 τὸ
794 826 859 897 ὑπὸ
878 831 981 906 XM
999 827 1082 916 πρὸς
1102 827 1135 896 τὸ

124 937 188 1007 ἀπὸ
217 940 292 1024 ΞΤ,
325 938 474 1005 τουτέστι
501 934 538 1004 τὸ
566 932 632 1004 ὑπὸ
660 937 777 1012 ΝΞΜ
799 934 882 1021 πρὸς
910 934 947 1004 τὸ
978 933 1043 1004 ἀπὸ
1071 937 1135 1012 ΞΤ.

124 1044 184 1113 ἐὰν
211 1043 277 1131 ἄρα
304 1043 512 1129 ποιήσωμεν,
541 1039 585 1121 ὡς
611 1041 650 1110 τὸ
678 1039 744 1111 ὑπὸ
768 1048 878 1110 ΗΚΕ
903 1038 988 1129 πρὸς
1016 1040 1054 1110 τὸ
1078 1038 1135 1108 ἆτδ

124 1158 205 1235 ΚΖ,
234 1147 340 1229 οὕτως
365 1148 402 1217 τὸ
429 1146 496 1217 ὑπὸ
522 1150 631 1225 ΜΞΝ
654 1147 740 1237 πρὸς
762 1149 844 1217 ἄλλο
868 1174 916 1233 τι,
944 1153 1037 1217 ἔσται
1060 1149 1136 1235 πρὸς

75 1280 109 1330 10
128 1263 240 1344 μεῖζον
267 1267 328 1323 τοῦ
357 1252 422 1322 ἀπὸ
452 1258 521 1331 ΞΤ.
568 1259 651 1323 ἔστω
679 1253 763 1340 πρὸς
791 1252 828 1322 τὸ
857 1251 922 1322 ἀπὸ
952 1257 1029 1331 ΞΦ.
1074 1254 1136 1323 ἐπεὶ

125 1355 189 1431 οὖν
217 1363 324 1448 ἐστιν,
353 1359 398 1442 ὦς
425 1359 446 1448 ἡ
471 1367 543 1428 HK
568 1360 652 1449 πρὸς
674 1368 758 1448 ΚΕ,
787 1359 893 1440 οὕτως
920 1358 941 1446 ἡ
965 1364 1036 1438 ΝΞ
1061 1361 1136 1449 πρὸς

124 1472 211 1556 ΞΜ,
240 1469 295 1537 καὶ
323 1467 407 1557 πρὸς
435 1465 543 1555 ὀρθάς
571 1472 656 1535 εἰσιν
685 1472 722 1534 αῖ
743 1474 824 1552 ΚΖ,
847 1471 928 1554 ΞΦ,
956 1474 1017 1535 καί
1042 1470 1134 1552 ἐστιν,

125 1573 170 1655 ὡς
196 1578 233 1644 τὸ
263 1573 323 1644 ὑπέ
356 1582 466 1643 ΗΚΕ
491 1574 574 1662 πρὸς
600 1573 637 1642 τὸ
666 1572 733 1642 ἀπὸ
762 1581 843 1659 ΚΖ,
871 1574 908 1642 τὸ
937 1572 1006 1644 ὑπὸ
1032 1577 1136 1652 ΜΞΝ
1170 1605 1174 1615 ·

124 1684 207 1770 πρὸς
220 1682 257 1751 τὸ
272 1681 337 1750 ἀπὸ
348 1687 378 1760 Ξ
384 1691 425 1769 Φ,
442 1680 498 1750 διὰ
513 1684 617 1750 ταῦτα
632 1689 687 1768 ίση
703 1681 794 1749 ἐστὶν
809 1678 829 1767 ἡ
844 1680 911 1750 ὑπὸ
921 1687 961 1748 Η
963 1687 1133 1769 ΖΕγωνία

74 1811 107 1860 15
126 1792 165 1877 τῇ
191 1786 255 1855 ὑπὸ
281 1795 321 1854 Μ
328 1796 406 1858 ΦΝ.
452 1795 573 1876 μείζων
597 1790 662 1876 ἄρα
685 1785 706 1874 ἡ
729 1784 795 1856 ὑπὸ
819 1794 946 1874 ΜΤΝ,
970 1789 1133 1857 τουτέστιν

124 1891 145 1979 ἡ
173 1891 239 1960 ὑπὸ
263 1901 379 1979 ΑΓΒ,
409 1906 465 1980 τῆς
488 1892 554 1962 ὑπὸ
578 1903 685 1962 ΗΖΕ
705 1900 845 1981 γωνίας,
873 1893 894 1980 ἡ
918 1893 957 1962 δὲ
981 1889 1131 1982 ἑφεξῆςὴ

124 1996 190 2065 ὑπὸ
215 2005 313 2064 m>
335 2005 456 2083 μείζων
479 2000 549 2067 ἐστὶ
572 2010 629 2085 τῆς
652 1997 718 2068 ὑπὸ
743 2005 848 2066 ΑΓΘ.

192 2101 253 2171 οὐκ
273 2103 423 2171 ἐλάσσων
447 2105 513 2191 ἅμα
537 2103 557 2191 ἡ
582 2104 647 2173 ὑπὸ
672 2113 771 2173 Am)
793 2118 850 2193 τῆς
872 2103 937 2175 ὑπὸ
963 2114 1070 2176 ΑΓΘ.

601 2311 666 2369 νγ.

72 2431 106 2480 20
196 2415 261 2494 Τῆς
281 2413 438 2494 δοθείσης
458 2410 633 2487 ἐλλείψεως
652 2408 886 2495 ἐφαπτομένην
902 2406 1053 2495 ἀγαγεῖν,
1072 2410 1135 2495 ἥτις

124 2522 207 2604 πρὸς
242 2519 282 2604 τῇ
321 2512 377 2581 διὰ
414 2526 471 2601 τῆς
507 2511 596 2601 ἁφῆς
633 2511 781 2602 ἀγομένη
816 2515 981 2606 διαμέτρῳ
1014 2519 1135 2601 γωνίαν

124 2627 256 2710 ποιήσει
280 2631 357 2709 ίσην
381 2625 419 2711 τῇ
441 2625 582 2709 δοθείση
602 2617 703 2709 ὀξείᾳ·
742 2623 797 2688 δεῖ
814 2623 855 2707 δὴ
876 2620 939 2707 τὴν
959 2624 1136 2708 διδομένην

125 2728 237 2807 ὀξεῖαν
260 2736 389 2814 γωνίαν
412 2727 457 2815 μὴ
483 2727 648 2796 ἐλάσσονα
673 2724 760 2795 εἶναι
782 2739 840 2815 τῆς
859 2729 977 2814 ἐφεξῆς
994 2732 1035 2816 τῇ
1053 2754 1137 2812 περι-

124 2837 265 2921 εχομένη
298 2833 365 2902 ὑπὸ
396 2839 465 2903 τῶν
493 2839 575 2924 πρὸς
602 2834 708 2921 με’σην
735 2834 797 2920 τὴν
825 2832 931 2921 τομὴν
959 2836 1137 2921 κλωμένωυ

71 2958 105 3007 25
124 2935 278 3005 εὐθειῶν.
337 3025 340 3030 .

191 3047 274 3111 ἔστω
302 3041 323 3128 ἡ
354 3048 496 3115 δοθεῖσα
524 3053 682 3132 ἔλλειψις,
711 3039 750 3134 ἧς
778 3052 897 3133 μείζων
922 3046 984 3133 μὲν
1008 3049 1099 3130 ίίξων
1123 3046 1139 3116 ὃ

127 3154 208 3232 ΑΒ,
237 3146 388 3216 ἐλάσσων
417 3151 455 3218 δὲ
484 3150 501 3219 ὁ
526 3159 603 3240 ΓΛ,
632 3157 771 3240 κέντρον
800 3150 836 3219 δὲ
859 3156 897 3220 τὸ
920 3160 965 3239 Ε,
993 3156 1049 3222 καί
1073 3159 1141 3224 ἐττε-

127 3257 322 3340 ζεύχθωσαν
345 3259 383 3321 αῖ
403 3263 482 3343 ΑΓ,
508 3265 584 3345 ΓΒ,
608 3258 628 3347 ἡ
653 3261 690 3328 δὲ
715 3264 856 3328 δοθεῖσα
880 3267 987 3345 γωνία
1011 3267 1096 3330 ἔστω
1119 3260 1139 3349 ἡ

199 3442 221 3488 1.
241 3434 313 3504 ΧΞ]
333 3450 382 3502 pc,
402 3451 470 3490 corr.
491 3454 524 3490 ex
542 3441 601 3491 XT
618 3457 654 3492 m.
671 3444 684 3491 1
706 3439 738 3494 V.
802 3445 825 3493 7.
846 3439 959 3510 ΝΞΜ]
980 3455 1007 3507 e,
1028 3441 1056 3499 Ξ
1073 3458 1143 3498 corr.

126 3524 160 3560 ex
180 3512 205 3560 Γ
221 3526 257 3564 m.
275 3512 287 3558 1
311 3503 342 3558 V.
406 3511 430 3559 9.
451 3508 564 3578 ΜΞΝ]
585 3511 685 3568 ΜΝΞ
701 3510 739 3579 V3
759 3526 862 3580 comp
883 3511 950 3579 (τῶν
969 3512 1039 3579 ΝΞ,
1056 3513 1142 3583 ΞΜ).

485 3820 591 3856 Α
