2438 3892
119 154 185 220 324
518 149 687 204 ΚΩΝΙΚΩΝ
705 145 744 217 ι’·

185 297 254 365 ἐπεὶ
293 294 357 382 γὰρ
391 293 624 382 προδέδεικται
658 299 734 358 ἴσον
767 294 804 358 τὸ
838 297 943 357 ΡΠΑ
974 293 1118 374 τρίγωνον
1165 344 1168 359 .

117 409 163 496 τῷ
198 410 269 472 ΓΗ
296 399 545 492 τετραπλεύρῳ,
577 402 615 467 τὸ
650 397 687 466 δὲ
717 403 823 464 ΑΜΙ
852 399 898 489 τῷ
929 401 1004 481 ΓΖ,
1034 397 1068 462 τὸ
1094 393 1121 461 δὲ
1166 426 1168 431 ·

119 520 227 580 ΑΡΠ
254 514 315 578 τοῦ
346 519 378 575 Α
384 513 451 575 MI
479 505 592 593 μεῖζόν
621 508 689 573 ἐστι
716 507 763 595 τῷ
794 510 880 583 ΠΜ
901 499 1123 591 τετραπλεύρῳ,

119 618 175 686 καὶ
202 621 240 685 τὸ
264 621 337 684 ΓΗ
361 615 428 699 ἀρα
455 622 516 680 τοῦ
540 618 602 679 ΓΖ
629 609 741 698 μεῖζόν
765 613 837 678 ἐστι
858 612 906 702 τῷ
930 615 1014 676 ΜΠ
1031 633 1123 697 τετρα·

86 722 267 812 οπλεύρφ·
305 719 390 789 ὥστε
415 724 452 787 τὸ
476 725 544 786 ΓΗ
566 726 643 786 ἴσον
667 717 736 785 ἐστὶ
759 720 805 808 τῷ
824 722 885 784 ΓΖ
909 714 966 783 καὶ
988 719 1034 806 τῷ
1052 720 1124 799 ΠΜ,

121 829 271 898 τουτέστι
299 831 344 918 τῷ
376 833 436 893 ΓΘ
462 825 518 892 καὶ
548 828 593 915 τῷ
623 830 691 890 ΡΖ.
739 826 857 891 κοινὸν
885 819 1075 912 ἀφῃρήσθω
1096 824 1125 886 τὸ

121 941 193 1003 ΓΘ·
235 937 354 1002 λοιπὸν
378 933 445 1019 ἀρα
467 936 505 998 τὸ
526 937 695 997 ΑΗλσον
715 931 784 998 ἐστὶ
802 933 848 1020 τῷ
868 936 951 998 ΘΜ.
988 927 1044 996 καὶ
1062 925 1126 995 ὅλον

123 1043 189 1128 ἀρα
213 1044 249 1107 τὸ
274 1046 350 1106 ΑΝ
369 1042 413 1131 τῷ
437 1044 508 1105 ΡΝ
527 1045 603 1104 ἴσον
627 1037 727 1105 ἐστίν.

613 1407 657 1475 θ’.

72 1593 105 1641 10
188 1568 270 1636 Ἐὰν
303 1574 371 1638 τῶν
399 1567 640 1656 ἀντικειμένων
670 1566 732 1636 δύο
761 1566 893 1635 εὐθεῖαι
923 1568 1131 1649 ἐπιψαύουσαι

126 1681 362 1762 συμπίπτωσιν
385 1673 556 1762 ἀλλήλαις,
580 1673 713 1762 ἀχθωσι
737 1673 774 1741 δὲ
794 1671 850 1741 διὰ
867 1675 937 1741 τῶν
955 1669 1056 1761 ἁφῶν
1073 1670 1132 1739 διά-

125 1807 241 1869 μετροι
265 1788 514 1868 συμπίπτουσαι
536 1794 609 1862 ταῖς
631 1781 886 1868 ἐφαπτομέναις,
911 1788 967 1847 ἴσα
992 1784 1133 1848 ἔσταιτι

125 1890 209 1972 πρὸς
231 1899 305 1966 ταῖς
328 1889 573 1974 ἐφαπτομέναις
594 1893 751 1975 τρίγωνα.

193 1997 346 2060 ἔστωσαν
370 1991 595 2079 ἀντικείμενοι
618 1997 657 2060 αλ
673 2001 715 2079 Α,
735 2000 775 2080 Β,
800 1996 838 2060 αἱ
859 1992 896 2061 δὲ
920 1993 1134 2080 ἐφαπτόμεναι

75 2121 108 2169 15
128 2095 242 2166 αὐτῶν
262 2100 300 2164 αἱ
316 2106 350 2165 Α
355 2105 397 2185 Γ,
412 2105 478 2166 ΒΓ
493 2101 770 2185 συμπιπτέτωσαν
788 2099 871 2168 κατὰ
890 2099 930 2168 τὸ
949 2106 990 2185 Γ,
1007 2103 1135 2184 κέντρον

127 2202 164 2270 δέ
194 2207 277 2270 ἔστω
301 2208 369 2271 τῶν
392 2208 505 2290 τομῶν
528 2202 566 2272 τὸ
591 2214 640 2291 Δ,
669 2207 726 2274 καλ
750 2205 937 2294 ἐπεζεύχθω
960 2203 982 2292 ή
1006 2213 1071 2273 ΑΒ
1092 2207 1135 2271 καὶ

126 2306 146 2396 ή
175 2315 243 2376 ΓΔ
272 2310 328 2377 καλ
358 2310 571 2397 ἐκβεβλήσθω
604 2314 657 2380 ἐπὶ
684 2317 722 2380 τὸ
752 2321 796 2399 Ε,
830 2312 1081 2400 ἐπεζεύχθωσαν
1107 2309 1136 2377 δὲ

126 2416 182 2484 καὶ
211 2419 249 2484 αἱ
276 2426 362 2504 ΔΑ,
394 2425 459 2484 ΒΔ
486 2419 541 2485 καὶ
572 2417 854 2505 ἐκβεβλήσθωσαν
883 2419 937 2486 ἐπὶ
964 2417 1007 2486 τά
1035 2427 1076 2504 Ζ,
1103 2422 1136 2483 Η.

127 2524 225 2610 λέγω,
250 2522 303 2593 ὅτι
327 2534 402 2594 ἴσον
427 2526 496 2593 ἐστὶ
519 2530 556 2592 τὸ
579 2532 690 2592 ΑΗΔ
713 2531 879 2611 τρίγωνον
903 2529 949 2617 τῷ
970 2533 1085 2610 ΒΔΖ,
1106 2525 1134 2590 τὸ

75 2655 110 2703 20
131 2629 169 2698 δὲ
194 2638 291 2700 ΑΓΖ
314 2637 360 2726 τῷ
385 2639 495 2701 ΒΓΗ.

195 2737 293 2824 ήχθω
326 2739 390 2827 γὰρ
424 2740 480 2806 διὰ
514 2742 576 2805 τοῦ
604 2745 633 2804 Θ
669 2739 880 2825 ἐφαπτομένη
909 2742 969 2824 τῆς
997 2731 1133 2825 τομήςή

131 2847 211 2906 ΘΑ·
263 2843 477 2930 παράλληλος
509 2843 573 2929 ἀρα
606 2844 674 2910 ἐστὶ
707 2854 746 2932 τῇ
774 2851 854 2912 ΑΗ.
904 2845 960 2911 καλ
995 2846 1064 2912 ἐπεὶ
1091 2852 1133 2923 ἴση

128 2946 221 3011 ἐστὶν
243 2943 264 3031 ή
289 2957 360 3013 ΑΔ
383 2955 422 3036 τή
441 2957 524 3035 ΔΘ,
548 2960 626 3017 ἴσον
650 2949 693 3017 ἀν
717 2959 767 3035 εἴη
791 2954 828 3017 τὸ
847 2957 958 3016 ΑΗΔ
981 2956 1134 3036 τρίγωνον

128 3053 173 3138 τῷ
200 3056 314 3118 ΘΑΔ.
356 3051 442 3120 ἀλλά
465 3060 502 3122 τὸ
526 3063 629 3122 ΔΘΑ
653 3061 698 3147 τῷ
722 3063 823 3123 ΒΔΖ
847 3057 937 3124 ἐστιν
962 3064 1052 3124 ἴσου·
1091 3051 1135 3121 καὶ

76 3178 109 3226 25
129 3157 166 3220 τὸ
188 3162 300 3221 ΑΗΔ
319 3155 385 3240 ἀρα
403 3162 449 3247 τῷ
465 3166 565 3227 ΒΔΖ
586 3164 676 3228 ἐστιν
697 3170 782 3228 ἴσον.
820 3160 979 3228 ὥστεκαὶ
1000 3166 1036 3228 τὸ
1052 3163 1135 3228 ΑΓΖ

129 3273 174 3352 τῷ
199 3267 306 3327 ΒΓΗ
325 3268 409 3329 ἴσον.
