2438 3892
173 130 214 215 '18
563 153 731 208 Κωαιεαα
749 148 790 208 ι’.

172 291 293 374 ἄξονος
324 294 496 386 τριγύνῳ,
531 292 741 374 ὑπεναντίως
774 292 812 361 δέ
843 299 1021 381 κείμενον,
1057 293 1080 384 ή
1115 297 1196 385 τομή

171 399 292 481 κύκλος
315 402 400 487 ἐστί,
427 406 598 470 καλείσθω
623 400 660 467 δὲ
683 397 703 486 ή
728 399 866 487 τοιαύτη
888 398 974 487 τομή
997 397 1198 473 ὑπεναντία.

239 513 321 577 έστω
349 512 458 588 κῶνος
486 505 666 594 σκαληνός,
695 497 736 574 οὑ
765 505 899 594 κορυφή
927 506 991 595 μὲν
1014 506 1058 576 τὸ
1083 513 1118 577 A
1145 530 1197 597 ση-

171 627 278 700 μείον,
302 612 400 700 βύσις
423 613 460 682 δέ
484 611 502 681 δ
527 620 593 681 ΒΓ
611 612 743 697 κύκλος,
766 615 822 681 καὶ
845 611 1023 701 τετμήσθω
1051 618 1196 707 ἐπιπέδῳ

137 741 152 788 5
173 719 229 788 διὰ
242 724 304 788 τού
318 722 440 801 ἄξονος
454 717 549 812 ὀρθῳ
568 720 653 807 πρὸς
665 719 727 788 τὸν
742 725 811 787 ΒΓ
823 719 962 804 κύκλον,
980 721 1040 788 καλ
1062 729 1197 792 ποιείτω

170 825 276 913 τομήν
304 824 342 894 τὸ
371 832 474 893 ΑΒΓ
502 832 680 913 τρίγωνον.
728 825 906 913 τετμήσθω
936 825 979 912 δή
1006 828 1067 896 καὶ
1097 829 1197 920 ἑτέρῳ

172 932 315 1023 ἐπιπέδῳ
330 930 413 1020 πρὸς
428 929 537 1019 ὀρθὰς
550 930 624 1000 ύντι
634 935 680 1024 τῷ
691 938 795 999 ΑΒΓ
804 930 971 1022 τριγώνῳ,
987 929 1198 1022 ἀφαιροῦντι

172 1036 210 1104 δὲ
231 1043 400 1123 τρίγωνον
424 1036 508 1124 πρὸς
526 1049 572 1127 τῷ
593 1047 624 1104 Α
647 1044 772 1130 σημείῳ
792 1037 825 1107 τί
849 1045 964 1106 ΑΚΗ
984 1036 1114 1125 ὅμοιον
1139 1040 1197 1129 μὲν

170 1147 215 1234 τῳ
235 1150 339 1211 ΑΒΓ
357 1143 522 1233 τριγώνῳ,
545 1141 752 1224 ὑπεναντίως
771 1145 810 1213 δὲ
829 1151 996 1231 κείμενον,
1018 1149 1198 1216 τουτέστιν

119 1271 152 1319 10
172 1246 257 1317 ὥστε
281 1259 357 1336 ίσην
382 1247 469 1318 εῖναι
492 1248 554 1336 τήν
572 1247 638 1317 ὑπὸ
657 1258 690 1316 Α
696 1258 772 1318 ΚΗ
791 1257 919 1337 γωνίαν
937 1254 978 1340 τῇ
997 1249 1068 1321 ὑπὸ
1090 1264 1123 1323 Α
1133 1260 1198 1322 ΒΓ.

170 1357 227 1424 καὶ
245 1362 381 1425 ποιείτω
395 1358 502 1444 τομήν
517 1359 555 1425 ἐν
568 1360 608 1446 τῇ
623 1360 801 1447 ἐπιφανείᾳ
820 1357 882 1445 τήν
897 1363 1008 1425 ΗΘΚ
1024 1361 1196 1449 γραμμήν.

172 1465 269 1550 λέγω,
293 1465 344 1534 ὅτι
366 1464 488 1545 κύκλος
511 1465 602 1533 ἐστὶν
626 1462 646 1551 ἡ
670 1470 780 1531 ΗΘΚ
802 1463 946 1553 γραμμή.

238 1571 391 1658 εἰλήφθω
410 1570 475 1658 γάρ
495 1597 570 1638 τινα
589 1582 708 1657 σημεία
724 1571 861 1639 ἐπὶτῶν
876 1577 992 1658 ΗΘΚ,
1007 1577 1080 1639 ΒΓ
1094 1600 1197 1662 γραμ

171 1682 246 1765 μων
267 1677 308 1744 τὰ
332 1684 371 1762 Θ,
390 1684 432 1761 Λ,
456 1676 512 1743 καὶ
535 1673 600 1744 ύπδ
624 1681 692 1745 τῶν
711 1683 750 1762 Θ,
771 1684 803 1744 Λ
824 1683 971 1764 σημείων
995 1676 1051 1744 ἐπὶ
1076 1677 1117 1748 τὸ
1142 1679 1198 1748 διὰ

119 1787 232 1851 15τοῦ
256 1789 360 1849 ΑΒΓ
381 1781 552 1869 τριγύνον
580 1784 738 1851 ἐπίπεδον
766 1782 904 1851 κάθετοι
927 1782 1112 1870 ήχθωσαν·
1145 1811 1199 1855 πε-

173 1891 312 1956 σοῦνται
350 1887 391 1975 δή
431 1888 483 1956 ἐπὶ
519 1887 579 1968 τὰς
613 1889 732 1970 κοινδις
768 1889 873 1977 τομδις
908 1893 978 1958 τῶν
1014 1891 1197 1962 ἐπιπέδων.

171 1996 382 2063 πιπτέτωσαν
411 1992 456 2075 ὡς
485 1999 523 2062 αί
544 2003 620 2081 ΖΘ,
644 2002 728 2064 ΛΜ.
774 1994 986 2083 παράλληλος
1009 1993 1080 2084 ἄρα
1106 2000 1197 2068 ἐστὶν

170 2097 190 2185 ή
209 2106 270 2166 ΖΘ
288 2108 328 2187 τῇ
344 2105 428 2166 ΑΜ.
467 2097 562 2186 ήχθω
584 2099 625 2187 δή
646 2098 703 2168 διὰ
722 2104 783 2168 τού
799 2108 827 2168 Ζ
845 2104 885 2189 τῇ
899 2107 966 2167 ΒΓ
979 2102 1199 2192 παράλληλος

171 2203 192 2293 ἡ
219 2213 333 2277 ΔΖΕ·
367 2211 436 2274 ἔστι
466 2206 503 2274 σε
526 2208 581 2274 καὶ
604 2203 625 2293 ἡ
650 2214 712 2274 το
735 2210 775 2295 ιη
800 2214 882 2277 ΛΜ
899 2205 1132 2294 παράλληλος·
1159 2210 1197 2280 τὸ

118 2334 152 2383 20
172 2311 238 2401 ύίρα
263 2312 320 2380 διὰ
343 2316 412 2388 τῶν
436 2320 508 2398 ΖΘ,
534 2320 605 2380 ΔΕ
630 2315 790 2381 ἐπίπεδον
817 2311 1034 2401 παρύλληλόν
1060 2317 1134 2385 ἐστι
1158 2321 1197 2406 τῇ

171 2419 267 2507 βάσει
294 2423 356 2488 τού
382 2417 505 2487 κύνον.
555 2417 676 2498 κύκλος
708 2417 774 2506 ύρα
803 2421 910 2505 ἐστίν,
944 2409 985 2486 οὑ
1015 2420 1198 2510 διάμετρος

170 2525 283 2614 ήΔΕ.
316 2537 392 2595 ίσον
411 2524 477 2614 ἄρα
494 2523 533 2593 τὸ
552 2522 618 2593 ὑπὸ
636 2533 880 2611 τῶνΔΖ,ΖΕ
896 2528 941 2618 τῷ
961 2523 1026 2594 ἄπο
1046 2532 1196 2614 τήςΖΘ.

170 2634 226 2700 καί
251 2636 320 2701 ἐπεὶ
343 2630 556 2721 παράλληλός
579 2633 669 2700 ἐστιν
689 2629 710 2718 ή
724 2640 794 2700 ΒΔ
812 2636 852 2720 τή
866 2638 939 2719 ΒΓ,
962 2628 984 2718 ή
1003 2629 1071 2701 ὑπὸ
1088 2645 1199 2704 ΑΔΕ

171 2744 279 2824 γωνία
308 2747 363 2824 ίση
393 2739 461 2807 ἐστὶ
489 2742 529 2826 τή
558 2735 623 2805 ὑπὸ
652 2744 762 2807 ΑΒΓ.
808 2735 829 2825 ή
860 2738 898 2806 δὲ
926 2735 991 2806 ὑπὸ
1021 2746 1131 2809 ΑΚΗ
1156 2746 1195 2831 τή

116 2865 151 2914 25
171 2842 237 2912 ὑπὸ
261 2851 365 2912 ΑΒΓ
388 2842 560 2912 ὑπόκειται
588 2853 656 2931 ἴση·
693 2845 749 2912 καὶ
776 2842 792 2911 ὑ
824 2844 892 2913 ὑπὸ
920 2851 1034 2912 ΑΚΗ
1057 2842 1129 2936 ἄρα
1156 2854 1195 2938 τῇ

171 2947 237 3018 ὑπὸ
252 2958 360 3018 ΑΔΕ
377 2952 468 3019 ἐστιν
483 2959 548 3037 ίση.
584 2951 649 3018 είσδ
669 2951 706 3018 δὲ
724 2951 781 3018 καὶ
800 2955 838 3019 αί
854 2948 937 3039 πρὸς
954 2953 1000 3042 τῳ
1020 2957 1048 3017 Ζ
1066 2960 1194 3046 σημείῳ

172 3066 242 3125 ίσαι
268 3056 362 3142 [κατὰ
384 3056 566 3144 κορνφήν].
608 3055 727 3143 ὅμοιον
754 3055 818 3144 ἄρα
843 3058 912 3126 ἐστὶ
934 3056 973 3125 τὸ
994 3064 1108 3126 ΔΖΗ
1127 3067 1195 3146 τρί-

172 3191 285 3251 γωνον
308 3168 353 3257 τῷ
378 3171 412 3231 Κ
418 3171 483 3231 ΖΕ
503 3167 669 3256 τριγώνῳ·
703 3169 795 3232 ἐστιν
820 3162 886 3252 ύίρα
910 3160 955 3243 ὡς
977 3160 997 3250 ή
1021 3170 1087 3231 ΕΖ
1111 3166 1195 3255 πρὸς

172 3269 235 3358 τήν
260 3277 340 3356 ΖΚ,
371 3271 478 3350 οὑτως
505 3268 525 3357 ή
550 3277 618 3337 ΗΖ
645 3269 729 3359 πρὸς
752 3277 827 3337 ΖΔ.
873 3269 911 3339 τὸ
939 3267 1005 3357 ἄρα
1033 3267 1101 3339 ὑπὸ
1125 3278 1195 3342 τῶν

243 3437 267 3485 6.
277 3426 336 3515 δή]
356 3427 388 3484 δέ
408 3429 552 3488 Eussoeiue.
637 3436 661 3487 8.
682 3429 831 3514 ΑΚΗ]ῳ,
850 3434 912 3484 ΚΗ
929 3428 962 3484 V.
1054 3437 1098 3487 2⁷.
1119 3430 1193 3488 κατὰ

171 3497 315 3573 κορυφήν]
335 3502 429 3569 deleo;
449 3498 522 3557 κατὰ
541 3497 672 3572 κορυφὴν
691 3497 792 3570 γύρμ,
811 3501 841 3555 in
860 3519 913 3557 ras
932 3518 969 3558 m.
989 3505 1051 3556 2v.
