2438 3892
123 161 190 227 284
239 223 242 226 ,
522 160 688 214 mmm
708 156 746 231 μ’.

124 312 200 373 ίσου
218 308 264 396 τῳ
284 302 428 394 τετάρτῳ
448 304 540 391 μέρει
558 305 619 370 τοῦ
638 300 721 390 πρὸς
739 305 777 390 τή
793 307 864 368 ΒΗ
877 305 998 379 είθους.
1035 298 1126 368 δοθὲν

124 409 249 500 ἄρατὸ
274 407 340 478 ὑπὸ
361 416 472 477 ΚΘΛ.
508 415 568 476 καί
589 411 658 476 ἐστι
682 412 824 475 δοθεῖσα
843 406 864 495 ή
883 415 963 475 ΚΘ·
1001 411 1128 475 δοθεῖσα

124 516 190 605 ἄρα
212 517 268 584 καὶ
291 513 312 602 ή
337 522 408 584 ΘΛ.
455 513 539 583 ἀλλὰ
564 515 619 582 καὶ
642 517 683 603 πή
705 514 815 582 θέσει*
861 520 921 582 καί
941 517 1012 582 ἐστι
1036 512 1128 582 δοθὲν

123 626 162 691 τὸ
191 631 232 691 Θ·
280 621 385 691 δοθέν
413 620 479 709 ἄρα
506 621 562 689 καὶ
588 618 627 688 τὸ
650 627 691 688 Λ.
736 621 793 688 καὶ
822 620 879 688 διὰ
906 624 970 689 τοῦ
994 627 1026 687 Λ
1053 617 1128 706 παρὰ

89 753 105 802 5
124 731 219 798 θέσει
241 728 303 816 τήν
322 735 396 797 ΒΗ
413 721 509 815 ήκται
532 724 553 815 ή
573 734 655 794 ΛΑ·
691 729 786 796 θέσει
806 726 872 815 ἄρα
891 725 912 815 ή
933 734 1011 795 ΛΑ.
1047 729 1129 795 θέσει

125 835 162 902 δὲ
191 835 246 902 καὶ
274 831 294 921 ή
322 832 420 920 τομή·
467 833 573 902 δοθὲν
601 832 667 920 ἄρα
694 833 732 900 τὸ
756 842 796 902 Α.
843 830 928 901 ἀλλὰ
956 834 1013 901 καὶ
1036 835 1073 900 τὸ
1093 837 1129 898 Κ·

124 943 219 1009 θέσει
243 939 311 1027 ἄρα
336 938 357 1026 ή
380 946 456 1007 ΑΚ.

192 1045 435 1132 συντεθήσεται
459 1049 500 1130 δή
527 1044 646 1125 οὕτως·
692 1042 885 1113 ὑποκείσθω
909 1043 952 1114 τὰ
974 1044 1038 1132 μὲν
1060 1044 1131 1112 ἄλλα

124 1153 163 1221 τὰ
193 1149 293 1237 αὐτοὶ,
321 1150 359 1220 τὸ
384 1153 421 1218 δὲ
446 1151 551 1219 δοθέν
576 1165 714 1239 σημεῖον
737 1153 776 1220 τὸ
798 1157 834 1218 Κ
856 1151 893 1218 έν
916 1161 963 1242 τῳ
988 1176 1131 1238 προειρη

72 1284 105 1332 10
124 1262 214 1348 μένῳ
236 1257 343 1350 τόπῳ,
366 1257 422 1325 καὶ
446 1261 677 1346 ἐπιζευχθεῖσα
701 1255 722 1344 ή
747 1265 813 1325 ΚΘ
836 1256 1065 1343 ἐκβεβλήσθω,
1085 1256 1133 1323 καὶ

125 1365 279 1453 εἰλήφθω
311 1391 343 1432 τι
376 1377 515 1450 σημεῖον
542 1363 580 1432 τὸ
609 1369 651 1449 Γ,
683 1364 739 1431 καὶ
766 1368 806 1452 τή
835 1370 902 1432 ΚΘ
932 1363 1133 1451 παράλληλος

125 1471 221 1560 ήχθω
250 1469 271 1559 ή
300 1477 377 1558 ΓΔ,
407 1471 463 1539 καὶ
490 1469 664 1558 τετμήσθω
694 1467 714 1557 ή
743 1476 806 1538 ΓΔ
834 1475 910 1557 δίχα
939 1475 987 1563 τῳ
1016 1477 1061 1558 Ε,
1086 1468 1134 1536 καὶ

126 1583 360 1667 ἐπιζευχθεῖσα
397 1575 417 1665 ή
451 1584 514 1644 ΕΘ
551 1574 782 1663 ἐκβεβλήσθω,
824 1577 880 1644 καὶ
915 1580 956 1666 τῇ
991 1585 1054 1645 ΒΘ
1087 1585 1134 1661 ῖση

125 1691 250 1754 κείσθω
283 1683 304 1773 ή
332 1692 412 1752 ΘΗ·
463 1685 484 1770 ή
517 1681 584 1770 ἄρα
612 1689 679 1750 ΗΒ
712 1689 835 1770 πλαγία
868 1682 1049 1772 διάμετρός
1075 1685 1135 1751 ἐστι

75 1815 107 1862 15
126 1792 269 1879 συζυγής
292 1796 332 1880 τή
357 1797 468 1858 ΚΘΛ.
516 1796 643 1857 κείσθω
667 1789 709 1878 δή
732 1795 778 1881 τῷ
801 1789 945 1880 τετάρτῳ
969 1794 1032 1859 τοῦ
1054 1786 1135 1875 παρὰ

125 1896 186 1982 τήν
213 1904 287 1965 ΒΗ
311 1901 424 1976 είθους
451 1905 527 1966 ίσον
555 1896 592 1964 τὸ
623 1893 687 1964 ὑπὸ
716 1903 833 1982 ΚΘΛ,
860 1897 916 1965 καὶ
945 1897 1002 1964 διὰ
1030 1901 1135 1965 τοῦΛ

124 2007 164 2090 τῇ
193 2010 266 2070 ΒΗ
291 2003 503 2090 παράλληλος
532 2004 629 2090 ήχθω
657 2000 678 2089 ή
707 2010 791 2089 ΛΑ,
823 2004 878 2071 καὶ
907 2003 1092 2091 ἐπεζεύχθω
1118 1999 1134 2087 ἡ

125 2115 207 2176 ΚΑ·
254 2108 406 2196 φανερὸν
435 2108 493 2196 δή,
522 2108 573 2178 ὅτι
600 2108 621 2197 ή
652 2116 722 2178 ΚΑ
749 2109 929 2196 ἐφάπτεται
955 2115 1017 2198 τής
1042 2114 1135 2198 τομῆς

127 2213 183 2282 διὰ
205 2213 268 2302 τήν
291 2213 519 2303 ἀντιστροφὴν
543 2219 603 2284 τοῦ
626 2215 855 2303 θεωρήματος.

73 2343 107 2391 20
194 2323 253 2391 ἐὰν
278 2321 315 2390 δὲ
340 2324 376 2390 ἐν
400 2327 445 2416 τῷ
470 2323 591 2411 μεταξὺ
614 2324 706 2413 τόπῳ
730 2328 798 2391 τῶν
818 2331 923 2392 ΖΘΠ
939 2328 1040 2413 ὃοθή,
1065 2321 1133 2390 ἄδή-

126 2458 230 2499 υατον
259 2436 350 2498 ἔσται
377 2430 414 2499 τὸ
442 2431 628 2518 πρόβλημα.
674 2426 694 2515 ή
723 2430 788 2516 γὰρ
819 2433 1032 2517 ἐφαπτομένη
1056 2441 1136 2516 τεμεῖ

126 2536 188 2623 τήν
208 2545 284 2605 ΗΘ.
323 2536 406 2606 ὥστε
431 2551 644 2625 συμπεσεῖται
668 2537 806 2626 ἑκατέρῳ
824 2542 891 2605 των
911 2544 1026 2604 ΖΘΠ·
1065 2535 1133 2620 ὅπερ

126 2643 299 2713 ἀδύνατον
319 2644 375 2713 διὰ
393 2643 433 2713 τὰ
454 2645 649 2729 θεὸειγμένα
669 2644 705 2709 έν
723 2648 769 2734 τῷ
791 2643 844 2711 λα’
864 2648 925 2710 τοῦ
939 2643 1075 2729 πρώτου
1089 2639 1134 2708 καί

126 2751 163 2815 έν
187 2777 233 2840 τῳ
257 2758 357 2840 τρίτῳ
381 2750 504 2818 τούτου
526 2759 587 2816 τοῦ
611 2753 753 2834 βιβλίου.

73 2870 106 2917 25
198 2859 275 2921 Τῶν
300 2853 411 2921 αὐτῶν
430 2854 660 2940 ὑποκειμένων
680 2859 763 2922 ἔστω
783 2851 804 2937 ή
823 2854 905 2941 τομή
926 2860 1081 2939 ἔλλειψις,
1103 2851 1132 2919 τὸ

127 2956 164 3023 δέ
189 2958 295 3025 δοθέν
319 2973 458 3045 σημεῖον
483 2961 534 3026 ἐπὶ
559 2964 617 3046 τῆς
640 2964 742 3046 τομῆς
760 2960 797 3027 τὸ
817 2969 860 3045 Α,
885 2960 940 3026 καί
960 2962 1041 3028 θέον
1061 2965 1133 3028 ε”στω

127 3062 192 3130 ἀπὸ
211 3067 271 3129 τοῦ
288 3074 319 3129 Α
338 3063 476 3150 ἀγαγεῖν
496 3068 731 3153 ἐφαπτομένην
751 3070 809 3153 τῆς
823 3076 933 3152 τομῆς.
965 3069 1134 3153 γεγονέτω,

125 3169 180 3236 καὶ
205 3173 287 3234 ἔστω
311 3165 332 3253 ἡ
355 3174 442 3254 ΑΗ,
465 3169 521 3235 καὶ
544 3174 751 3258 τεταγμένως
775 3170 839 3238 ἀπὸ
863 3174 924 3237 τοῦ
948 3181 981 3237 Α
1004 3173 1058 3239 ἐπὶ
1080 3172 1132 3239 τὸν

127 3281 192 3342 ΒΓ
211 3272 316 3354 ἄξονα
340 3272 436 3360 ήχθω
460 3272 481 3361 ή
505 3284 590 3341 ΑΛ·
638 3283 729 3345 ἔσται
754 3279 795 3365 δή
822 3277 927 3345 δοθὲν
950 3276 989 3344 τὸ
1014 3287 1064 3365 Δ,
1086 3277 1134 3346 καί

198 3442 222 3492 8.
243 3432 291 3503 δή]
303 3433 335 3490 δέ
346 3433 456 3502 Halley.
513 3441 554 3488 19.
574 3432 832 3507 ἄναστροφήννμς
848 3455 916 3492 corr.
927 3436 1037 3506 Halley.
1092 3435 1136 3490 τοῦ

126 3504 172 3577 λη’
192 3503 380 3576 θεωρήματος
398 3510 448 3559 τοῦ
468 3502 581 3570 πρώτου
602 3510 710 3578 βιβλίου
730 3509 832 3576 ΗεΙΙεχ
852 3526 914 3562 eum
929 3506 1135 3564 Commandino.
