2438 3892
121 154 186 218 378
520 149 687 204 mmm
704 144 744 217 τ’·

123 292 434 383 διάμετροι,’ὀρθιά
455 291 517 379 μὲν
536 288 556 377 ἡ
577 295 686 376 ΑΕΓ,
709 294 834 374 πλαγία
854 288 892 357 δὲ
911 287 933 376 ἡ
955 297 1066 376 BBA,
1086 290 1132 358 καὶ

122 401 213 486 παρὰ
243 400 302 480 τὰς
333 405 412 484 ΑΓ,
436 405 503 465 BA
539 395 701 484 ἤχθωσαν
734 398 772 463 αἱ
801 402 964 482 ΝΖΗΘ,
990 405 1134 466 ΚΖΛΜ.

124 512 221 594 λέγω,
241 507 291 576 ὅτι
305 503 345 573 τὰ
361 503 427 573 ἀπὸ
441 508 509 572 των
523 510 602 588 ΝΖ,
618 510 679 570 ΖΘ
696 500 889 590 τετράγωνα
905 503 1133 591 προσλαβόντα

123 614 163 684 τὰ
188 611 253 682 ἀπὸ
277 617 345 681 τῶν
370 617 447 696 KZ,
469 616 545 676 ZM
568 613 640 695 εἴδη
665 606 765 696 ὅμοια
792 610 849 676 καὶ
875 605 1004 696 ὁμοίως
1027 607 1132 696 ἄναγε·

87 749 104 795 ι
125 720 297 809 γραμμένα
319 720 365 809 τῷ
389 715 473 804 πρὸς
491 720 531 803 τῇ
550 720 619 783 AF
638 719 720 783 εἴδει
744 723 800 782 ἴσα
820 719 914 783 ἔσται
933 720 979 808 τῷ
1000 714 1065 784 σἰτιὸ
1084 720 1131 802 τῆς

124 834 193 895 BA
214 821 419 912 τετραγώνῳ.

191 929 287 1019 ἤχθω
311 927 460 996 ἀπὸτοῦ
484 935 521 994 Ν
541 925 632 1016 παρὰ
654 928 717 1014 τὴν
742 936 810 995 ΑΕ
830 924 851 1014 ἡ
875 934 956 1005 ΝΞ·
991 930 1128 1016 τεταγμέ-

124 1064 191 1115 νως
210 1035 276 1120 ἄρα
292 1037 449 1119 κατῆκται
470 1034 522 1100 ἐπὶ
540 1030 602 1119 τὴν
617 1039 692 1100 BA.
726 1034 782 1100 καὶ
801 1037 885 1101 έστω
906 1031 1012 1119 ὀρθία
1031 1031 1128 1121 ἡΒΠ.

125 1143 194 1212 ἐπεὶ
218 1133 281 1209 οὖν
306 1143 407 1225 ἐστιν,
432 1137 477 1218 ὡς
495 1136 516 1225 ἡ
536 1146 609 1206 BH
627 1138 713 1226 πρὸς
732 1145 807 1225 ΑΓ,
831 1137 852 1225 ἡ
873 1139 1046 1228 ΑΓΝττρὸς
1062 1148 1127 1225 BA,

72 1275 105 1324 10
124 1248 180 1316 οιαὶ
209 1244 253 1326 ὡς
281 1244 345 1331 ἄρα
373 1243 393 1331 ἡ
424 1251 497 1311 BH
521 1244 603 1333 πρὸς
629 1252 712 1331 ΒΔ,
744 1244 782 1313 τὸ
810 1244 875 1314 ιἰπὸ
901 1252 972 1314 AF
995 1245 1075 1336 πρὸς
1097 1243 1128 1313 τὸ

125 1352 190 1421 ἀπὸ
220 1359 296 1420 BA.
355 1351 393 1418 τὸ
428 1351 466 1418 δέ
501 1347 566 1419 ἆτιὸ
598 1358 665 1418 BA
699 1360 775 1420 ἴσον
808 1352 877 1420 ἐστὶ
910 1356 955 1444 τῷ
989 1351 1070 1441 πρὸς
1096 1355 1129 1438 τῇ

125 1466 194 1527 AF
218 1462 313 1526 εἴδει·
352 1462 443 1525 ἔστιν
467 1456 547 1544 ἄρα,
576 1454 621 1536 ὡς
644 1457 664 1544 ἡ
688 1464 761 1525 BH
785 1457 869 1547 πρὸς
897 1466 980 1544 ΒΔ,
1011 1458 1047 1527 τὸ
1073 1456 1128 1526 ἆαό

126 1572 200 1633 AF
222 1566 432 1651 τετράγωνον
460 1561 542 1650 πρὸς
569 1562 606 1631 τὸ
636 1561 701 1631 ἀπὸ
726 1569 796 1632 AF
819 1562 917 1643 εἶδος.
966 1562 1012 1645 οὓς
1039 1563 1073 1632 δέ
1097 1561 1128 1631 τὸ

126 1671 192 1740 ἀπὸ
226 1678 295 1739 AF
329 1671 539 1757 τετράγωνον
576 1669 659 1756 πρὸς
690 1666 728 1738 τὸ
762 1669 827 1737 ἀπὸ
860 1675 934 1737 AF
967 1669 1069 1756 εἶδος,
1099 1669 1131 1736 τὸ

74 1806 106 1854 15
126 1776 191 1846 ἀπὸ
215 1780 284 1873 ΝΞ
308 1776 521 1864 τετράγωνον
550 1775 633 1860 πρὸς
660 1780 697 1845 τὸ
722 1775 786 1844 ιἰτιὸ
808 1779 878 1852 ΝΞ
904 1773 995 1856 εἶδος
1024 1775 1131 1865 ὅμοιον

125 1888 170 1974 τῷ
199 1888 282 1970 πρὸς
308 1887 348 1972 τῇ
373 1888 441 1950 AF
464 1886 558 1950 εἴδει·
585 1884 649 1949 καὶ·
667 1880 712 1962 ὡς
733 1881 799 1971 ἄρα
822 1879 843 1968 ἡ
864 1889 931 1950 ΠΒ
959 1881 1043 1971 πρὸς
1064 1874 1133 1966 ΒΔ,

125 1994 165 2058 τὸ
200 1987 263 2056 ἀπὸ
297 1993 372 2066 ΝΞ
405 1987 616 2073 τετράγωνον
654 1993 737 2074 πρὸς
771 1993 809 2058 τὸ
847 1987 912 2057 ἀπὸ
944 1993 1019 2066 ΝΞ
1054 1986 1133 2067 εἶδος

127 2097 247 2181 ὅμοιον
279 2105 325 2185 τῷ
355 2092 438 2179 πρὸς
469 2098 509 2182 τῇ
539 2100 608 2163 ΑΓ
632 2100 724 2164 εἴδει.
783 2101 851 2163 ἔστι
882 2094 920 2163 δὲ
947 2102 1019 2180 καί,
1052 2090 1133 2179 ὡςὴ

127 2209 194 2269 ΠΒ
218 2198 300 2285 πρὸς
320 2207 401 2284 BA,
425 2203 461 2267 τὸ
486 2198 549 2267 αἰτιὸ
570 2204 640 2278 ΝΞ
660 2206 742 2288 πρὸς
769 2207 805 2270 τὸ
829 2199 893 2268 ὑπὸ
916 2206 1029 2278 ΒΞΔ·
1068 2211 1132 2269 ἴσον

72 2336 107 2385 20
127 2310 192 2395 ἄρα
226 2307 294 2375 ἐστὶ
327 2310 363 2374 τὸ
397 2304 461 2373 ἀπὸ
490 2310 559 2383 ΝΞ
589 2306 694 2390 εἶδος,
727 2312 876 2376 τουτέστι
908 2314 945 2376 τὸ
975 2307 1039 2376 ἀπὸ
1069 2314 1133 2389 ΖΛ,

127 2416 247 2503 ὅμοιον
272 2427 315 2506 τῷ
341 2411 424 2499 πρὸς
446 2427 485 2503 τῇ
507 2421 574 2482 AF
594 2419 687 2500 εἴδει,
711 2428 756 2506 τῷ
780 2413 845 2483 ὑπὸ
866 2419 974 2491 ΒΞΔ.
1021 2413 1134 2502 ὁμοίως

129 2524 171 2610 δὴ
200 2524 367 2608 δείξομεν,
398 2519 449 2590 ὅτι
476 2523 513 2589 τὸ
545 2520 609 2589 ἀπὸ
634 2529 704 2589 ΚΛ
731 2519 820 2601 εἶδος
848 2521 969 2608 ὅμοιον
992 2526 1038 2613 τῷ
1063 2519 1134 2607 πρὸς

128 2636 168 2718 τῇ
183 2637 251 2697 AF
272 2634 352 2697 εἴδει
377 2637 452 2696 ἴσον
472 2630 540 2695 ἐστὶ
564 2633 608 2721 τῷ
627 2629 692 2695 ὑπὸ
713 2636 740 2695 Β
747 2635 778 2694 A
784 2638 824 2696 A.
862 2631 917 2696 καὶ
937 2630 1006 2696 ἐπεὶ
1026 2627 1134 2696 εὐθεῖα

128 2735 148 2822 ἡ
173 2745 241 2803 ΝΘ
263 2738 417 2822 τέτμηται
441 2740 487 2814 εἰς
510 2734 572 2821 μὲν
596 2744 652 2802 έσα
676 2734 758 2801 κατὰ
783 2733 819 2803 τὸ
840 2743 883 2820 Η,
908 2739 954 2814 εἰς
983 2736 1019 2802 δὲ
1043 2734 1134 2802 ἄνισα

74 2867 107 2914 25
128 2843 210 2906 κατὰ
229 2843 265 2907 τὸ
288 2850 325 2924 Ζ,
349 2841 388 2909 τὰ
413 2840 477 2910 ιἰττό
501 2846 570 2909 τῶν
590 2850 661 2926 ΘΖ,
678 2848 749 2908 ΖΝ
767 2841 959 2930 τετράγωνα
985 2836 1135 2908 διπλάσιά

128 2949 192 3011 εἰσι
215 2950 283 3011 τῶν
307 2943 370 3014 ιἰττό
397 2955 476 3034 ΘΗ,
495 2955 576 3032 ΗΖ,
605 2949 754 3015 τουτέστι
780 2952 848 3015 τῶν
873 2945 937 3014 ἀπὸ
961 2955 1048 3033 ΝΗ,
1068 2952 1136 3015 ΗΖ.

129 3047 185 3116 διὰ
210 3051 250 3117 τὰ
274 3048 358 3117 αὐτὰ
385 3052 426 3138 δὴ
451 3052 568 3121 καὶτὰ
592 3050 657 3120 ἀπὸ
681 3061 764 3137 ΜΖ,
785 3059 852 3119 ΖΚ
877 3052 1072 3139 τετράγωνα
1096 3058 1137 3120 δι·

128 3154 251 3223 πλαίσια
276 3157 344 3222 ἐστι
368 3163 436 3225 τῶν
461 3158 524 3226 ἀπὸ
550 3165 651 3226 KAZ
676 3159 909 3246 τετραγώνων,
933 3161 989 3225 καὶ
1013 3162 1054 3226 τὰ
1080 3158 1136 3226 ἀπὸ

130 3283 338 3291 ,.-----

201 3359 224 3408 3.
245 3351 312 3421 ΝΖ]
332 3369 363 3419 p,
388 3367 457 3407 corr.
478 3369 510 3406 ex
530 3353 592 3410 ΝΞ
608 3370 644 3406 m.
666 3360 679 3406 1
700 3353 733 3407 V.
822 3361 862 3410 13.
882 3351 926 3424 τό]
947 3357 1011 3423 (pr.)
1032 3372 1086 3409 om.
1105 3353 1138 3414 V;

129 3440 199 3477 corr.
214 3442 241 3493 p.
298 3427 339 3475 17.
359 3422 392 3474 N
395 3422 436 3492 Ξ]
456 3424 527 3493 (alt.)
547 3442 595 3493 pc,
615 3439 684 3476 corr.
705 3441 738 3477 ex
758 3426 815 3477 ΝΖ
834 3432 900 3479 m.1
922 3426 954 3479 V.
1012 3431 1055 3479 26.
1075 3423 1139 3494 τῶν]

127 3497 191 3565 (pr.)
209 3512 256 3564 pc,
276 3510 345 3548 corr.
365 3511 398 3548 ex
417 3494 454 3562 τῷ
473 3512 509 3549 m.
531 3502 544 3548 1
564 3494 597 3549 V.
