2438 3892
376 180 380 191 .
413 155 628 206 conrconum
645 155 755 206 amna
772 156 808 208 11.
1050 153 1114 218 269

96 296 162 362 erit
184 295 290 379 [Euol.
314 296 377 362 dat.
397 298 464 378 30],
488 301 520 362 et
544 299 585 362 ob
609 319 750 380 causam,
775 319 872 382 quam
892 298 1117 383 iudicauimus,

97 402 162 469 erit
186 406 258 467 EA
272 433 315 456 =
330 408 405 468 AZ.
457 424 557 489 quare
590 408 623 467 A
655 404 767 468 datum
800 406 858 468 est.
912 425 972 486 per
1004 403 1117 469 datum

98 509 203 595 igitur
235 514 391 594 punctum
424 515 458 574 A
488 513 596 575 rectae
629 514 695 574 AB
726 510 889 594 positione
922 510 1017 575 datae
1044 533 1116 594 par-

98 615 197 680 allela
230 615 327 681 ducta
360 619 410 681 est
441 619 523 700 ΓΔ;
556 637 634 701 ergo
667 619 733 680 ΓΔ
764 617 926 701 positione
959 615 1036 680 data
1069 621 1118 682 est

99 721 206 802 [Eucl.
231 720 295 788 dat.
318 723 386 804 28].

168 833 381 913 componetur
402 829 466 894 hoo
489 828 598 894 modo:
634 830 678 894 sit
701 830 778 894 data
799 829 970 914 parabola,
997 829 1031 894 in
1054 852 1118 915 qua

99 939 177 1000 sunt
204 939 325 1019 puncta
349 940 386 1021 Z,
408 939 447 1019 E,
470 941 511 1014 A,
539 938 572 999 et
600 935 668 1001 eius
697 936 872 1001 diametrus
897 935 1033 1001 ducatur
1056 942 1117 1001 AB

100 1041 212 1125 [prop.
238 1039 382 1126 XLIV],
421 1041 461 1105 ad
498 1063 633 1128 eamque
668 1042 945 1126 perpendicularis
982 1042 1118 1108 ducatur

98 1151 167 1213 ΒΕ
191 1152 225 1213 et
252 1146 292 1212 ad
320 1152 348 1212 Z
375 1144 581 1231 producatur.
626 1149 691 1214 iam
720 1150 746 1213 si
774 1153 837 1213 ER
852 1180 894 1203 =
909 1155 938 1214 B
945 1154 985 1229 Z,
1013 1151 1118 1215 mani-

98 1253 220 1319 festum
245 1258 303 1338 est,
326 1259 391 1318 AB
416 1276 508 1319 axem
533 1277 602 1320 esse
627 1254 657 1337 [Ι
681 1255 743 1320 det'.
763 1255 811 1340 7];
840 1256 891 1320 sin
915 1257 1032 1340 minus,
1055 1261 1118 1321 ΕΖ

100 1360 134 1424 in
163 1361 197 1420 A
225 1359 259 1424 in
285 1359 364 1425 duas
386 1365 498 1445 partes
522 1362 674 1447 aequales
699 1366 838 1445 secetur,
867 1368 899 1427 et
921 1367 1030 1428 rectae
1053 1366 1118 1427 AB

100 1466 260 1550 parallelo
288 1466 424 1532 ducatur
447 1470 521 1533 ΓΔ.
567 1466 777 1546 manifestum
800 1468 915 1553 igitur,
937 1471 1004 1533 ΓΔ
1027 1492 1119 1534 axem

101 1593 172 1637 esse
202 1573 364 1639 sectionis.
414 1595 492 1638 nam
520 1575 680 1638 diametro
708 1573 866 1657 parallelo
895 1574 1003 1659 ducta,
1032 1576 1064 1640 h.
1092 1599 1119 1641 e.

99 1679 175 1762 ipsa
198 1678 372 1745 diametrus
402 1680 440 1762 [1,
462 1681 504 1746 51
530 1681 667 1764 coroll.],
694 1685 816 1745 rectem
839 1685 902 1745 ΕΖ
925 1680 1015 1746 etin
1039 1681 1118 1746 duas

98 1790 211 1871 partes
237 1787 387 1871 aequales
411 1787 507 1852 etad
531 1788 669 1873 angulos
694 1791 799 1853 rectos
824 1790 913 1852 secat
937 1787 968 1869 [I
991 1788 1053 1853 def.
1074 1791 1118 1870 7].

100 1913 180 1979 ergo
206 1891 301 1958 datae
323 1893 500 1978 parabolae
524 1895 592 1958 axis
616 1894 768 1960 inuentus
793 1899 842 1959 est
864 1896 940 1961 ΓΔ.

169 2003 203 2064 et
231 1999 439 2064 manifestum
468 2003 530 2085 est,
560 2023 661 2066 unum
685 2002 791 2066 solum
815 2024 907 2066 axem
931 2023 1002 2066 esse
1023 2024 1119 2086 para-

100 2105 207 2171 bolae.
251 2127 327 2171 nam
356 2107 384 2171 si
413 2107 496 2172 alius
522 2129 649 2192 quoque
672 2111 733 2174 erit
756 2112 793 2174 ut
816 2115 895 2187 AB,
923 2112 1030 2175 rectae
1053 2112 1120 2174 ΓΔ

99 2210 260 2295 parallelo.
286 2211 349 2275 erit
376 2210 418 2295 [I‚
446 2213 488 2277 51
518 2215 652 2295 coroll.].
703 2219 736 2279 et
767 2221 889 2280 rectam
921 2219 984 2280 ΕΖ
1017 2219 1118 2297 secat3

100 2338 202 2401 quare
217 2317 316 2382 etiam
331 2319 366 2381 in
382 2316 461 2382 duas
476 2323 586 2403 partes
601 2322 752 2406 aequales
767 2343 838 2386 eam
854 2324 941 2385 secat
957 2319 986 2398 [Ι
1001 2320 1062 2384 def.
1073 2321 1118 2400 4].

99 2424 213 2508 itaque
236 2426 356 2487 BE=
372 2427 447 2509 1323
471 2426 558 2509 quod
582 2426 757 2492 absurdum
781 2430 840 2491 est.

542 2619 678 2684 XLVII.

169 2739 275 2806 Datae
297 2741 496 2826 hyperbolae
519 2744 572 2809 uel
595 2743 720 2827 ellipsis
744 2764 838 2808 axem
861 2742 1018 2807 inuenire.

171 2849 216 2912 sit
242 2849 345 2911 ΑΒΓ
367 2847 550 2931 hyperbole
581 2849 635 2913 uel
669 2848 802 2934 ellipsis.
857 2851 987 2934 oportet
1018 2851 1120 2937 igitur

100 2975 196 3020 axem
220 2953 289 3018 eius
313 2954 467 3019 inuenire.

169 3059 323 3124 inuentus
343 3059 387 3124 sit
405 3063 438 3124 et
456 3061 499 3125 sit
513 3065 548 3124 K
552 3067 594 3146 Δ,
618 3066 763 3127 centrum
783 3066 891 3127 autem
906 3063 1057 3129 sectionis
1077 3066 1120 3130 sit

102 3171 150 3250 K3
173 3166 285 3251 itaque
302 3169 374 3229 ΚΔ
396 3164 502 3231 rectas
525 3167 564 3231 ad
584 3188 655 3232 eam
674 3169 821 3234 ordinate
840 3170 952 3234 ductas
971 3171 1006 3234 in
1024 3171 1120 3236 binas

101 3276 212 3356 partes
238 3272 389 3357 aequales
418 3275 450 3336 et
475 3272 515 3337 ed
538 3274 676 3359 angulos
699 3279 805 3340 rectos
830 3279 918 3341 secat
942 3274 972 3356 [I
996 3275 1056 3340 def.
1078 3278 1120 3357 7].

170 3376 308 3442 ducatur
338 3378 612 3461 perpendicularis
639 3382 755 3463 ΓΔΑ,
789 3379 1010 3464 ducanturque
1042 3384 1077 3444 Κ
1081 3388 1121 3457 Α,

102 3486 138 3548 K
142 3486 179 3548 Γ.
212 3483 278 3548 iam
293 3484 446 3569 quoniam
460 3488 510 3549 est
520 3487 586 3567 ΓΔ
596 3517 637 3538 =
648 3489 681 3547 A
687 3492 727 3570 A,
742 3486 912 3551 eritetiam
923 3488 989 3549 ΓΚ
998 3515 1039 3538 =
1050 3490 1085 3550 K
1090 3492 1121 3550 A
