2438 3892
125 152 167 215 72
518 154 686 209 ΚΩΝΙΚΩΝ
704 149 744 209 α’.

123 299 301 382 συμπίπτει
329 293 413 384 αὐτῇ
440 292 461 382 ἡ
485 303 517 362 A
523 304 571 382 A,
598 301 658 363 καί
682 298 752 364 ἐστι
779 300 819 385 τῇ
843 298 1031 386 κατημμένη
1060 322 1137 385 παρ-

124 400 268 488 άλληλος
281 398 302 489 ῇ
313 407 386 487 ΒΓ,
404 401 459 469 ιιαλ
479 399 499 489 ἡ
519 407 585 470 ΒΓ
599 399 665 492 ἄρα
685 416 899 491 συμπεσεῖται
915 409 956 493 τῇ
972 412 1052 473 ΑΔ.
1083 405 1137 473 καλ

123 512 155 576 εί
180 507 242 596 μέν
265 505 387 597 μεταξὺ
404 512 474 576 τῶν
496 517 543 595 A,
563 515 596 576 A
625 499 787 597 σημείων,
815 509 981 597 φανερόν,
1009 509 1062 581 ὅτι
1084 512 1137 580 καὶ

123 619 163 704 τῇ
182 618 267 704 τομῇ
286 628 509 701 συμπεσεῖται,
534 619 565 683 εί
584 617 621 684 δὲ
640 615 732 696 ἐκτὸς
749 619 811 686 τοῦ
825 624 860 684 Δ
882 613 927 698 ὡς
943 616 1027 685 κατὰ
1045 617 1085 686 τὸ
1100 627 1137 705 Ε,

88 741 106 794 5
124 723 287 808 πρότερον
301 724 340 810 τῇ
358 725 443 809 τομῇ
458 736 680 808 συμπεσεῖται.
716 723 737 809 ῇ
756 723 823 810 ἄρα
841 720 907 791 ἀπὸ
926 729 988 793 τοῦ
1002 732 1031 792 Β
1049 749 1138 812 παρα

123 829 330 915 τεταγμένως
342 830 553 915 κατηγμένην
567 825 713 917 ἀγομένη
731 827 848 899 εὐθεῖα
867 846 1083 917 συμπεσεῖται
1100 835 1139 920 τῇ

124 939 218 1024 vom}
254 996 258 1005 ,
639 1005 647 1028 ,

615 1031 656 1075 ιι.

188 1127 267 1197 Ἐὰν
297 1129 333 1196 έν
359 1133 534 1218 παραβολῇ
563 1127 627 1198 ἀπὸ
651 1134 709 1217 τῇς
731 1134 835 1218 τομῇς
857 1135 1050 1219 καταχθῶσι
1075 1130 1139 1201 δύο

125 1234 257 1305 εὐθεῖαι
284 1235 337 1304 ἐπὶ
364 1234 426 1323 τῇν
450 1234 630 1324 διάμετρον
657 1240 878 1325 τεταγμένως,
911 1243 1001 1305 έσται
1030 1235 1077 1319 ὡς
1097 1237 1138 1306 τολ

72 1359 106 1410 10
125 1341 182 1412 ἄπ’
211 1341 323 1412 αὐτῶν
350 1342 543 1433 τετράγωνα
571 1341 654 1430 πρὸς
682 1341 825 1430 ἄλληλα,
859 1341 965 1424 οὕτως
993 1348 1030 1412 αἱ
1061 1342 1140 1414 ἀπο-

124 1450 324 1541 τεμνόμεναι
355 1448 413 1519 ὑπ’
444 1447 558 1519 αὐτῶν
589 1447 654 1518 ἀπὸ
687 1453 746 1536 τῇς
778 1450 958 1535 διαμέτρου
984 1449 1070 1537 πρὸς
1100 1454 1141 1540 τῇ

125 1563 258 1648 κορυφῇ
282 1561 341 1646 τῇς
362 1561 472 1645 τομῇς.

130 1696 140 1722 ·
193 1670 275 1732 ἔσται
298 1665 484 1752 παραβολῇ,
507 1654 547 1750 ἧς
569 1662 745 1749 διάμετρος
768 1659 788 1748 ῇ
808 1670 886 1746 ΑΒ,
908 1664 964 1730 καλ
987 1663 1141 1751 εἰλήφθω

125 1769 201 1838 τινὰ
231 1783 350 1855 σημεῖα
378 1769 427 1836 ἐπ’
449 1767 553 1853 αὐτῇς
574 1765 614 1835 τὰ
638 1773 681 1853 Γ,
701 1777 748 1853 Δ,
777 1767 832 1835 καλ
860 1766 925 1837 ἀπὸ
953 1773 1022 1838 τῶν
1044 1776 1084 1856 Γ,
1108 1779 1142 1838 Δ

74 1891 107 1941 15
126 1876 332 1962 τεταγμένως
362 1873 585 1962 κατῇχθωσαν
618 1874 671 1943 ἐπὶ
702 1873 765 1962 τῇν
797 1882 862 1942 ΑΒ
896 1878 933 1943 αί
963 1882 1041 1962 ΓΕ,
1066 1885 1142 1945 ΔΖ.

126 1982 228 2068 λέγω,
261 1979 312 2049 ὅτι
340 1982 445 2067 ἐστίν,
479 1978 524 2061 ὡς
549 1977 587 2049 τὸ
617 1978 681 2049 ἀπὸ
707 1987 773 2049 ΔΖ
801 1979 884 2069 πρὸς
910 1981 948 2051 τὸ
978 1980 1042 2052 ἀπὸ
1067 1989 1141 2069 ΓΕ,

128 2085 235 2167 οὕτως
258 2084 278 2174 ἡ
304 2094 368 2155 ΖΑ
390 2087 474 2176 πρὸς
497 2095 571 2156 ΑΕ.

194 2199 277 2263 έστοι
300 2192 365 2282 γὰρ
384 2193 462 2281 παρ’
480 2190 523 2281 &jv
544 2196 706 2262 δύνανται
726 2197 762 2261 αί
778 2195 1002 2283 ααταμόμεναι
1021 2193 1041 2282 ῇ
1058 2204 1143 2263 AH·

73 2340 76 2349 ·
128 2311 204 2371 ίσον
231 2300 298 2389 ι’ίρα
326 2302 395 2369 ἐστὶ
422 2303 459 2370 τὸ
489 2301 551 2388 μὲν
583 2299 648 2369 ιἰπὸ
675 2305 734 2388 τῇς
763 2308 829 2368 ΔΖ
859 2305 905 2391 τῇ
933 2300 1000 2370 ὑπὸ
1029 2309 1144 2389 ΖΑΗ,

74 2425 109 2474 20
127 2409 165 2478 τὸ
195 2410 231 2479 δὲ
259 2407 324 2477 ἀπὸ
352 2412 410 2494 τῇς
433 2414 498 2477 ΓΕ
523 2411 569 2500 τῇ
597 2404 662 2476 ὑπὸ
691 2411 760 2476 τῶν
783 2414 898 2476 ΕΑΗ.
947 2414 1037 2477 ἔστιν
1066 2408 1142 2494 ἄρα,

128 2515 173 2598 ὥς
195 2517 233 2586 τὸ
258 2513 325 2585 ἀπὸ
340 2523 405 2584 ΔΖ
429 2515 513 2602 πρὸς
534 2515 571 2583 τὸ
597 2512 662 2583 ἀπὸ
678 2519 751 2597 ΓΕ,
775 2512 881 2594 οὕτως
898 2512 936 2583 τὸ
955 2511 1022 2582 ὑπὸ
1038 2521 1149 2582 ΖΑΗ

128 2623 211 2712 πρὸς
232 2622 270 2694 τὸ
293 2621 359 2692 ὑπὸ
375 2630 491 2691 ΕΑΗ.
528 2619 573 2702 ὦς
592 2621 629 2690 δὲ
647 2618 685 2690 τὸ
704 2618 769 2689 ὑπὸ
786 2627 894 2687 ΖΑΗ
913 2618 996 2706 πρὸς
1014 2618 1052 2689 τὸ
1072 2618 1142 2689 ὑπὸ

129 2738 246 2816 ΕΑΗ,
271 2729 376 2810 οὕτως
395 2726 415 2817 ῇ
431 2736 496 2797 ZA
514 2726 597 2816 πρὸς
612 2736 690 2796 ΑΕ·
714 2729 770 2795 καλ
789 2725 834 2807 ὡς
852 2725 918 2816 ἄρα
936 2726 973 2795 τὸ
994 2723 1059 2795 ἀπὸ
1075 2734 1143 2794 ΔΖ

128 2835 211 2926 πρὸς
233 2835 271 2904 τὸ
296 2835 361 2904 ἀπὸ
386 2842 457 2920 ΓΕ,
482 2835 589 2914 οὕτως
611 2832 632 2920 ῇ
657 2841 722 2901 ΖΑ
743 2832 828 2921 πρὸς
849 2841 924 2901 ΑΕ.

69 3025 109 3087 25
604 3011 667 3080 αα’.

193 3135 273 3206 Ἐολν
297 3139 333 3206 έν
356 3134 526 3226 ὑπερβολῇ
549 3132 570 3224 ῇ
595 3137 736 3214 ἐλλείψει
760 3133 782 3221 ῇ
805 3132 931 3201 κύκλον
949 3140 1145 3225 περιφερείᾳ

129 3242 261 3314 εὐθεῖαι
284 3241 416 3331 ἀχθῶσι
438 3243 644 3329 τεταγμένως
668 3242 721 3311 ἐπὶ
744 3238 806 3328 τὴν
830 3240 1026 3328 διάμετρον,
1052 3248 1144 3311 ἔσται

130 3377 299 3384 ——-

768 3456 796 3508 p,
816 3453 869 3493 om.
882 3437 914 3504 V,
934 3455 969 3492 m.
983 3443 999 3491 2
1014 3456 1039 3493 v.
1097 3443 1142 3493 26.

201 3439 573 3532 7.n']p‚0m.V‚m.2v.
628 3434 768 3565 ληναή7

129 3511 161 3589 ἦ]
181 3514 253 3585 (³¹¹2)
272 3533 289 3582 η
309 3512 347 3579 V3
367 3528 435 3567 0011·
455 3528 482 3580 p.
555 3529 724 3580 περιφερεια
773 3530 780 3576 3
800 3525 868 3564 corr.
887 3525 915 3577 p.
