2438 3892
124 158 167 225 88
329 138 332 145 '
520 161 686 215 Κααοαεα
704 157 744 215 α.

123 308 205 389 ΘΚ,
228 304 283 371 καὶ
305 303 511 390 τεταγμένως
533 301 690 390 κατῇχθω
713 300 837 390 ῇΚΑ,
861 304 916 371 καὶ
939 307 980 393 τῇ
999 310 1066 374 ΛΘ
1086 314 1140 394 ἴση

123 415 249 478 κείσθω
281 439 302 498 η
331 417 425 497 ΗΜ,
461 410 517 478 καλ
548 400 843 496 παρατεταγμένως
870 411 967 498 ῇχθω
997 408 1019 498 ῇ
1048 420 1141 500 ΜΝ,

16 504 19 513 ’
123 517 180 585 καὶ
211 515 514 607 προσεκβεβλήσθω
549 514 599 585 ἐπ’
631 514 767 596 εὐθείας
799 514 820 603 ῇ
849 524 935 585 ΗΝ.
987 519 1044 586 καὶ
1072 519 1141 593 έπελ

124 622 337 713 παράλληλός
360 624 449 691 ἐστιν
472 620 493 710 ἡ
517 629 586 692 ΚΑ
607 626 648 711 τῇ
672 630 766 710 ΜΝ,
794 621 815 711 ἡ
839 623 877 692 δὲ
900 630 966 692 ΚΘ
988 635 1030 714 τῇ
1053 633 1142 715 ΗΝ,

89 731 180 802 σααλ
208 736 267 818 μία
295 728 412 798 εὐθεῖεί
439 732 528 798 ἐστιν
556 725 577 816 ἡ
606 737 696 816 ΛΜ,
727 728 846 817 ὅμοιόν
875 732 943 799 ἐστι
971 730 1008 800 τὸ
1039 739 1142 802 ΚΘΛ

123 842 290 926 τρίγωνον
318 839 363 929 τῇ
394 841 517 903 ΗΜΝ
539 834 700 928 τριγώνῳ.
746 837 802 904 καὶ
830 844 886 923 ἴση
914 838 1005 905 ἐστὶν
1033 835 1054 926 ῇ
1078 847 1143 908 ΑΘ

124 946 164 1033 τῇ
191 949 283 1011 ΗΜ·
330 949 385 1029 ἴση
414 939 478 1031 ίίρα
507 942 597 1010 ἐστίν
625 938 646 1028 ῇ
674 949 745 1011 ΚΑ
772 946 812 1033 τῇ
840 951 928 1014 ΜΝ.
974 944 1059 1015 ὥστε
1087 948 1142 1015 καὶ

123 1048 161 1118 τὸ
194 1048 260 1118 ἀπὸ
290 1055 359 1118 ΚΑ
391 1052 435 1140 τῇ
469 1049 533 1117 ἀπὸ
561 1055 645 1117 ΜΝ
672 1057 748 1117 ἴσον
776 1052 854 1119 ἐστί.
904 1051 959 1119 καλ
987 1053 1057 1121 ἐπεὶ
1087 1061 1142 1142 ἴση

125 1154 215 1224 ἐστίν
243 1152 264 1242 ῇ
288 1161 353 1222 ΑΘ
381 1159 420 1244 τῇ
444 1162 538 1242 ΗΜ,
565 1153 586 1242 ῇ
614 1155 652 1224 δὲ
675 1164 740 1224 ΑΘ
762 1160 802 1245 τῇ
826 1163 909 1244 ΒΗ,
937 1157 1035 1246 κοινῇ
1059 1159 1142 1249 θὲῇ

71 1285 106 1334 10
128 1269 205 1348 ΑΒ,
234 1269 288 1349 ἴση
318 1259 383 1351 ἄρα
411 1262 501 1330 ἐστίν
528 1260 549 1348 ἡ
577 1269 643 1331 ΒΑ
670 1265 709 1352 τῇ
738 1271 828 1332 ΑΜ·
875 1272 950 1333 ἴσον
979 1263 1045 1356 ἄρα
1073 1268 1144 1338 έστλ

125 1369 163 1438 τὸ
191 1366 256 1438 ὑπὸ
282 1376 384 1437 ΒΑΑ
407 1374 452 1461 τῇ
475 1367 541 1438 ὑπὸ
567 1376 685 1437 ΑΜΒ.
732 1367 777 1450 ὡς
800 1368 865 1457 ἄρα
888 1369 925 1439 τὸ
949 1368 1014 1440 ὑπὸ
1038 1380 1142 1442 ΒΑΑ

125 1473 209 1563 πρὸς
230 1473 268 1546 τὸ
293 1473 356 1545 ιἰπό
381 1483 465 1563 ΚΑ,
494 1473 600 1556 οὕτως
621 1476 659 1544 τὸ
682 1473 748 1544 ὑπὸ
773 1485 883 1546 ΑΜΒ
907 1476 991 1568 πρὸς
1013 1478 1051 1549 τὸ
1076 1479 1143 1550 ἀπὸ

126 1589 213 1652 ΜΝ.
249 1589 308 1651 καί
328 1585 428 1669 ἐστιν,
453 1580 498 1663 ὡς
519 1581 558 1651 τὸ
581 1579 648 1651 ὑπὸ
672 1590 775 1651 ΒΑΑ
797 1582 880 1673 πρὸς
902 1583 940 1653 τὸ
965 1584 1030 1654 ἀπὸ
1055 1595 1141 1674 ΛΚ,

126 1686 147 1776 ῇ
166 1694 290 1776 πλαγία
308 1688 392 1778 πρὸς
408 1689 470 1776 τὴν
490 1686 628 1777 ὀρθίαν·
664 1690 720 1757 καὶ
740 1686 785 1770 ὡς
804 1689 869 1776 ἄρα
888 1690 924 1759 τὸ
944 1688 1010 1760 ὑπὸ
1030 1701 1142 1763 ΑΜΒ

75 1819 107 1868 ιε
125 1792 211 1882 πρὸς
233 1795 270 1861 τὸ
295 1791 361 1862 ἀπὸ
381 1802 474 1881 ΜΝ,
497 1792 518 1882 ῇ
541 1801 665 1882 πλαγία
688 1795 772 1886 πρὸς
793 1795 856 1883 τὴν
880 1797 1013 1883 ὀρθίαν.
1050 1797 1089 1869 τὸ
1110 1807 1148 1868 Ν

126 1897 191 1986 ἄρα
222 1898 306 1987 πρὸς
336 1904 376 1989 τῇ
408 1904 492 1990 τομῇ
525 1903 623 1970 ἐστιν.
672 1900 693 1990 ἡ
721 1910 783 1970 ΕΖ
815 1901 882 1991 ἄρα
916 1905 1142 1995 ἐκβαλλομένη

128 2020 341 2093 συμπεσεῖται
364 2010 403 2096 τῇ
426 2011 510 2097 τομῇ
533 2005 614 2076 κατὰ
638 2007 675 2077 τὸ
698 2016 742 2077 Ν.

195 2109 319 2200 ὁμοίως
342 2111 384 2201 δῇ
408 2117 630 2202 δειχθήσεται,
655 2113 705 2185 ὅτι
728 2117 784 2184 καλ
808 2117 860 2185 έπλ
883 2115 923 2184 τὰ
946 2118 1040 2208 έτερα
1059 2123 1143 2211 μέρη

128 2221 351 2309 ἐκβαλλομένη
376 2236 588 2309 συμπεσεῖται
611 2227 651 2310 τῇ
674 2227 768 2311 τομῇ.

73 2442 109 2492 20
603 2417 671 2487 κθ’.

192 2540 278 2611 Ἐὰν
306 2545 343 2611 ἐν
368 2540 612 2632 ἀντικειμέναις
639 2542 757 2612 εὐθεῖα
784 2549 973 2634 προσπίπτῇ
1002 2546 1059 2614 διὰ
1082 2551 1144 2617 τοῦ

128 2649 270 2737 κέντρον
291 2647 374 2739 πρὸς
393 2647 556 2741 ὁποτέραν
575 2655 642 2719 τῶν
661 2655 785 2738 τομῶν,
810 2654 1034 2740 ἐκβαλλομένη
1054 2669 1145 2744 τεμεῖ

128 2753 191 2841 τὴν
214 2755 330 2843 ἑτέραν
352 2756 467 2844 τομῇν.

197 2865 345 2931 ἴστωσαν
363 2861 596 2952 ἀντικείμενοι,
616 2855 664 2933 ὧν
682 2862 891 2952 θιαμετροςῇ
908 2873 985 2951 ΑΒ,
1003 2869 1143 2957 κέντρον

76 2991 111 3042 οε
131 2965 168 3035 δὲ
194 2964 231 3034 τὸ
255 2973 298 3053 Γ,
325 2969 380 3036 καί
407 2967 428 3058 ῇ
454 2977 519 3038 ΓΛ
541 2972 684 3058 τεμνέτω
707 2968 768 3057 τῇν
793 2979 862 3038 ΑΛ
884 2972 999 3059 τομήν.
1046 2977 1143 3061 λέγω,

131 3071 182 3142 ὅτι
205 3073 259 3140 καὶ
282 3071 343 3160 τὴν
368 3077 483 3163 ἑτέραν
506 3077 611 3166 τομῇν
633 3091 731 3164 τεμεῖ.

206 3266 747 3375 1.1(A]cvp‚o²1'seeorr.m.1v.
817 3315 841 3365 9.
861 3310 933 3381 BH]
954 3315 1141 3380 e,Beeorr.

131 3375 257 3433 m.lV.
345 3383 385 3431 11.
406 3379 495 3449 ΒΑΛ]
515 3383 593 3433 ΒΑΛ
613 3379 649 3446 V;
675 3384 870 3453 corr.p(BA‚
891 3384 964 3451 ΛΑ).
1051 3385 1141 3456 ΒΔΑ]

131 3453 210 3503 ΒΑΛ
229 3446 647 3573 λίςοοετ.ρρηῶνΒΛ,ΑΑ),
703 3458 745 3507 20.
765 3451 831 3524 καθ’]
852 3471 878 3523 p,
898 3470 950 3508 om.
970 3452 1005 3522 V,
1024 3462 1141 3510 τιτλε.

167 3525 211 3575 21.
230 3515 292 3591 διά]
314 3535 395 3574 enan.
442 3559 447 3572 .
521 3526 564 3576 22.
583 3523 660 3592 τέμει
680 3521 719 3590 V;
741 3541 809 3579 corr.
829 3541 855 3593 p.
