2438 3892
123 84 186 214 ιιι
221 177 268 219 -,-
518 125 744 202 τέτακται.
831 126 834 133 ’

122 295 244 381 αιρεθῆ
274 294 310 358 τὸ
338 287 405 358 ὑπὸ
429 296 548 376 ΒΔΑ,
580 286 702 358 λοιπόν
725 282 859 366 ἔστιτὸ
885 278 963 366 ,ιίπὺ
977 293 1060 354 ΔΕ·
1075 300 1078 305 “
1095 282 1136 383 ὑς

122 396 189 486 ἄρα
212 401 250 467 τὸ
273 392 338 479 ἀπὸ
362 404 437 466 ΛΕΥ
456 399 539 484 πρὸς
560 393 622 482 τῆν
640 384 831 482 ὑπεροχήν,
858 389 902 481 ῆν
925 390 1082 482 ὑπερέχει
1094 395 1135 462 ’τὸ
1170 420 1174 429 ·

29 526 32 531 ·
122 512 187 572 ΑΖ
209 507 270 572 τοῦ
295 510 382 590 ΔΗ,
412 503 519 582 οὑτως.
539 505 577 569 τὸ
601 499 666 569 ἀπὸ
688 508 758 572 ΑΕ
777 503 861 588 πρὸς
882 503 921 568 τὸ
945 507 1022 568 ΑΖ.
1066 495 1149 568 οἰλλ’Ι

122 609 169 690 (ὑς
190 614 227 679 τὸ
250 608 316 678 ἀπὸ
334 617 404 677 ΑΕ
424 612 508 695 πρὸς
528 612 566 677 τὸ
591 614 666 694 ΑΖ,
692 607 798 686 οὕτως
820 610 858 674 τὸ
882 604 948 675 ἀπὸ
968 614 1041 675 ΔΕ
1061 609 1137 695 πρὸς
1171 626 1175 637 ’

87 722 159 786 στὸ
175 713 248 785 ὑπὸ
267 724 338 784 ΔΕ
359 712 492 795 εἷδος·”
469 740 593 844 ομοιρν
614 718 660 807 τῷ
680 716 762 781 AZ·
784 711 829 794 ὡς
846 710 912 802 ἄρα
930 718 968 783 τὸ
988 711 1055 782 ἀπὸ
1074 719 1137 781 ΔΕ

121 827 205 955 πρὸς
236 822 320 910 τῆν
330 819 516 917 ὑπεροχήν,
548 817 592 908 ῆν
624 781 776 909 ὑπερέχει
804 823 842 887 τὸ
870 826 936 899 ΑΖ
966 823 1030 893 τοὺ
1058 809 1156 905 ΔΗ,

123 931 228 1009 οὕτως
250 932 288 996 τὸ
312 925 376 995 ἀπὸ
399 935 470 996 ΔΕ
492 931 576 1016 πρὸς
597 931 635 996 τὸ
659 925 725 994 ὑπὸ
749 935 821 995 ΔΕ
845 924 937 1007 εἶδος
958 924 1043 995 τὸ”
1015 936 1137 1016 ομοιον

122 1040 168 1128 τῷ
192 1043 266 1135 AZ.
312 1037 431 1120 ἴσον
416 1036 482 1135 οίρα
508 1037 547 1103 τὸ
572 1031 638 1102 ἀπὸ
660 1038 719 1122 τῆς
742 1041 813 1102 ΛΕ
838 1031 970 1114 εἷδος“
950 1060 1074 1122 ομοιον
1095 1036 1135 1126 τῷ

57 1200 63 1210 .
123 1149 189 1209 ΑΖ
212 1146 252 1230 τῆ
276 1139 434 1230 ὑπεροχῆ,
461 1138 504 1228 ῆν
527 1139 678 1227 ὑπερέχει
703 1143 740 1208 τὸ
763 1148 828 1209 ΑΖ
850 1144 912 1210 τοῦ
935 1147 1018 1210 ΔΗ.
1062 1136 1136 1229 μετὰ

22 1319 27 1327 ,
71 1265 113 1314 10·
124 1251 185 1316 τοῦ
209 1246 325 1316 AH’‘
304 1275 370 1335 αρα
393 1255 483 1381 ἴσον
493 1246 562 1316 ἐστὶ
584 1250 630 1338 τῷ
655 1254 729 1316 ΑΖ.

600 1417 674 1512 νβ’
761 1451 771 1469 ·

187 1549 269 1619 Ἐὰν
296 1555 490 1641 παραβολῆς
517 1546 635 1629 εὐθεῖα
663 1543 874 1630 ἐπιψαύουσα
901 1551 1072 1639 συμπίπτῆ
1100 1551 1136 1638 τῆ

125 1659 302 1748 διαμέτρῳ,
322 1654 423 1724 μαλ’
405 1661 469 1725 απὸ
493 1660 551 1744 τῆς
574 1651 663 1743 ἀρῆς
685 1653 804 1730 εὐθεῖα
826 1659 978 1745 καταχθῆ
1002 1653 1112 1726 ἐπὶ
1079 1681 1138 1780 την

125 1765 303 1851 διάμετρον
316 1764 535 1850 τεταγμένως,
549 1764 741 1850 ληφθέντος
755 1762 818 1830 δέ
800 1788 893 1843 τινος
906 1762 1009 1830 ἐπὶ
969 1789 1029 1850 της
1038 1765 1138 1850 τομῆς

49 1886 105 1944 Δ15
125 1874 283 1955 σημείου
292 1872 507 1969 ματαχθρὸσιν
534 1867 648 1936 ἐπὶ
614 1895 676 1955 την
706 1867 885 1957 διαμετρον
910 1868 973 1939 δύο
997 1858 1138 1954 εὑθεῑαι,

54 2024 58 2031 ·
124 1973 208 2042 καὶ
193 2001 214 2061 η
230 1972 347 2061 μέν
307 1985 419 2079 αὑτῶν
434 1973 524 2062 παρὰ
537 1973 599 2068 τῆν
614 1973 895 2104 έφαπτομένην,“
878 2003 900 2106 χ
920 1974 958 2043 δὲ
973 1975 1065 2062 παρὰ
1078 1972 1138 2062 τῆν

25 2108 37 2115 ··
125 2078 248 2148 ἀπὸ
208 2108 266 2167 της
280 2072 370 2167 ἆφῆς
382 2083 605 2170 κατηγμένην,
623 2086 661 2150 τὸ
676 2080 859 2183 γινόμενον
870 2079 927 2151 ὑπ’
945 2081 1059 2175 αὐτῶν
1072 2085 1139 2166 τρλ

119 2212 237 2296 μανον
253 2178 329 2256 ἴσον
343 2189 412 2255 ἐστὶ
426 2192 472 2280 τῷ
486 2190 709 2278 περιεχομένῳ
722 2169 1093 2280 παραλληλογράμμρι’
1075 2186 1139 2257 υπό

124 2319 159 2362 τε
177 2297 236 2385 τῆς
256 2292 320 2362 ἀπὸ
339 2298 409 2418 τῆς
415 2294 506 2381 ἁφῆς
523 2297 730 2404 κατηχμένης
751 2295 865 2361 καὶ
825 2322 884 2381 της
907 2292 1141 2381 ἀπολαμβανο-

71 2418 106 2467 20
125 2402 227 2489 μένης
245 2398 311 2469 ὑπὸ
331 2404 391 2488 τῆς
408 2400 625 2489 παραλλήλου
643 2406 726 2488 πρὸς
743 2404 782 2489 τῆ
801 2404 935 2488 κορυφῇ
953 2403 1012 2486 τῆς
1030 2403 1142 2487 τομῆς.

191 2515 274 2577 ἔστω
303 2501 547 2616 παραβολή,
527 2536 567 2595 ης
595 2504 815 2595 διάμετρος
797 2535 818 2594 η
848 2514 928 2593 ΑΒ,
961 2507 1017 2574 καλ
1045 2505 1141 2603 ῆχθω

125 2617 395 2703 ἐφαπτομένη
355 2642 414 2744 της
432 2620 535 2703 τομῆς
552 2643 572 2702 η
560 2612 662 2701 ἈΓ,
685 2614 741 2681 καὶ
761 2615 965 2701 τεταγμένως
982 2615 1142 2701 κατῆχθω

123 2750 144 2809 η
132 2723 236 2808 ΓΘ
252 2716 340 2790 κάλ’
323 2722 386 2793 από
405 2748 498 2802 τινος
517 2727 659 2809 σημειου
676 2720 835 2808 τυχόντος
853 2718 1046 2807 αατῆχθα’
1026 2748 1049 2851 χ
1064 2729 1099 2787 Δ
1105 2727 1142 2805 Ζ

35 2852 38 2857 ·
64 2817 66 2822 ’
124 2828 179 2895 καὶ
203 2827 260 2894 διὰ
284 2827 346 2913 μέν
368 2832 430 2896 τοὺ
453 2836 486 2895 Δ
508 2833 548 2916 τῆ
572 2833 641 2894 ΑΓ
661 2826 873 2914 παραλληλος
896 2825 1035 2914 ῆχθω’
1016 2855 1038 2914 η
1063 2835 1143 2912 ΔΕ,

73 2946 106 2996 25
126 2932 183 3000 δια
213 2932 251 3000 δὲ
273 2937 338 3003 τοῦ
363 2940 395 3000 Γ
417 2945 458 3022 τῆ
482 2931 589 3001 ΒΖ
573 2961 593 3020 η
617 2940 701 3018 ΓΗ,
734 2930 790 3000 διὰ
815 2932 852 3001 δὲ
874 2936 935 3001 τοῦ
959 2940 988 3000 Β
1015 2935 1055 3022 τῆ
1082 2938 1147 3001 ΘΓ

93 3035 237 3124 ῆΒΗ.
273 3039 414 3125 λέγω,“
395 3067 445 3107 οτι
451 3044 501 3108 τὸ
518 3047 619 3107 ΔΕΖ
641 3044 809 3126 τρίγωνον
829 3048 904 3107 ἰσον
924 3039 994 3108 ἐστὶ
1012 3066 1058 3131 τςο
1044 3043 1116 3108 Η
1117 3046 1143 3107 Ζ

124 3144 468 3274 τιαραλληλρχραμμρι.Ι

190 3250 311 3318 ἐπει
275 3278 339 3339 χαρ
354 3256 412 3353 τῆς
426 3256 528 3340 τομῆς
542 3250 752 3339 έηιολτιτεταιε
735 3281 755 3339 η
771 3262 802 3321 A
807 3257 846 3338 Γ,
864 3251 920 3320 καὶ
934 3254 1145 3340 τεταγμένως

194 3418 221 3466 2.
241 3406 311 3482 ἄρα]
331 3407 388 3480 ἄρα
407 3431 440 3466 ον
428 3403 515 3479 vV3
539 3428 609 3468 corr.
628 3412 765 3555 Hassey'a
798 3404 862 3482 ῆς),
881 3412 992 3480 Halley.
1052 3419 1079 3467 3.
1098 3409 1143 3484 τό]

126 3502 189 3572 (pr.)
217 3501 268 3555 τοὺ
292 3500 329 3568 V;
359 3516 428 3555 corr.
455 3518 482 3569 p
573 3502 638 3574 AZ]
664 3519 714 3573 cv,
784 3502 879 3571 αζλλ,
903 3518 960 3570 mg.
984 3521 1003 3555 α
1026 3518 1064 3557 m
1087 3517 1143 3558 τοι.
