2446 3916
1173 40 1184 163 ¹,

126 187 194 253 364
525 180 742 241 ΚΩΝΙΚΩΝ’
710 204 750 254 ι·

193 332 344 395 ἔστωσαν
377 324 603 413 ἀντικείμεναι
635 328 673 393 αί
697 334 746 412 A,
768 331 814 410 Β,
848 323 1078 412 ἐφαπτόμεναι
1104 322 1135 393 ἀλ
1181 234 1184 407 ἀ

126 430 241 501 αὐτῶν
260 435 298 500 αί
309 441 342 500 A
347 438 388 519 Γ
403 439 472 501 ΒΔ
486 431 695 520 παράλληλοι
708 436 870 516 ἐστωσαν,
888 430 946 499 καὶ
960 430 1184 519 ἐπεζεύχθω

125 538 148 626 ἡ
175 546 249 607 ΑΒ.
295 538 493 626 διήχθωσαν
521 536 609 626 θὴ“
592 565 613 625 η
640 537 704 624 μὲν
733 539 840 614 ΕΞΗ
861 538 954 625 παρά
981 534 1044 625 τὴν
1065 544 1184 623 ΑΒ,

126 642 147 732 ἡ
171 645 210 713 θλ
232 652 388 714 ΚΒΛΜ
405 643 496 731 παρά
518 642 582 731 τὴν
605 649 679 713 ΑΓ.
724 640 870 730 λέγω,
850 670 902 711 οτι
927 640 1080 730 ἐστίν,
1059 668 1135 728 ωςι]

90 758 192 825 οΑΒ
223 750 308 838 πρὸς
337 748 401 838 τὴν
433 748 560 837 ὀρθίαν
585 752 649 818 τοῦ
677 753 790 829 είθους
815 748 981 836 πλευράν,
1014 776 1052 818 το
1077 747 1134 818 ἀπὸ

127 860 230 935 HE&
249 856 334 944 πρὸς
354 854 392 925 τὸ
415 854 482 925 ὑπὸ
505 862 626 925 KEM.

193 961 356 1050 ἤχθωσαν
374 960 432 1031 θιά
450 966 520 1030 τῶν
537 967 585 1048 Η,
602 958 739 1049 Ξπαρά
756 960 820 1048 τὴν
838 967 908 1029 ΑΓ
922 963 961 1028 αί
976 963 1056 1048 ΞΝ,
1069 967 1136 1029 ΗΖ.

193 1069 264 1137 ἐπεὶ
295 1067 361 1157 χάρ
393 1071 433 1136 αἱ
461 1073 540 1151 ΑΓ,
573 1075 641 1137 ΒΔ
674 1066 903 1156 ἐφαπτόμεναι
934 1070 1004 1136 τῶν
1035 1070 1136 1154 τομῶν

125 1174 338 1263 παράλληλοί
366 1179 448 1260 είσι,
481 1173 659 1262 θιάμετρος
685 1173 748 1261 μὲν
775 1171 796 1261 ἡ
825 1180 908 1259 ΑΒ,
940 1175 1138 1262 τεταγμένως

74 1306 107 1355 10
126 1280 165 1353 δέ
191 1277 243 1349 ἐπ’
269 1278 377 1368 αὐτὴν
403 1282 608 1368 ιιατημμέναι
635 1283 673 1348 αί
699 1286 785 1364 ΚΛ,
813 1282 899 1364 ΞΝ,
920 1284 1005 1347 ΗΖ·
1055 1284 1138 1348 ἔσται

125 1376 206 1469 οὖν,
230 1382 276 1465 ὥς
298 1382 319 1473 ἡ
343 1393 410 1454 ΑΒ
432 1383 517 1472 πρὸς
538 1387 602 1473 τὴν
626 1383 753 1472 ὀρθίαν
775 1383 998 1473 πλευράν,τό
1021 1412 1056 1454 τε
1077 1382 1137 1453 ἀπὸ

125 1497 229 1559 BAA
256 1494 340 1579 πρὸς
365 1491 404 1561 τὸ
433 1489 498 1561 ἀπὸ
523 1498 595 1560 ΛΚ
619 1492 675 1560 καλ
702 1490 740 1559 τὸ
770 1487 837 1560 ἀπὸ
864 1496 972 1559 BNA
1000 1489 1084 1580 πρὸς
1102 1492 1137 1559 τὸ

126 1595 190 1666 ἀπὸ
214 1600 297 1686 ΝΞ,
325 1601 476 1668 τουτέστι
498 1596 537 1667 τὸ
560 1594 625 1667 ἀπὸ
650 1603 725 1667 ΑΒ.
771 1601 864 1665 ἐστιν
886 1597 970 1685 ἀρα,
995 1596 1043 1678 ὡς
1065 1595 1140 1666 ὅλον

125 1702 162 1772 τὸ
191 1701 257 1773 ἀπὸ
286 1711 389 1772 ΒΑΛ
415 1704 500 1793 πρὸς
527 1705 609 1774 ὀλον
635 1703 673 1773 τὸ
701 1701 767 1772 ἀπὸ
796 1708 883 1788 ΚΛ,
911 1700 1020 1784 οὕτως
1046 1701 1139 1791 ἀφαι-

74 1834 107 1883 15
126 1810 229 1897 ρεθλν
262 1808 300 1879 τὸ
333 1808 401 1880 ἀπὸ
428 1817 550 1896 ΒΝΑ,
579 1812 730 1879 τουτέστι
757 1807 796 1878 τὸ
823 1807 890 1876 ἀπὸ
920 1815 1040 1878 ΖΑΝ·
1089 1817 1141 1896 ἴση

125 1915 190 2003 γὰρ
223 1914 245 2002 ἡ
272 1924 344 1984 ΝΑ
375 1918 416 2005 τῇ
443 1922 520 1983 ΒΖ·
571 1916 656 2003 πρὸς
688 1914 877 2004 ἀφαιρεθέν
904 1917 943 1982 τὸ
971 1914 1040 1984 ἀπὸ
1067 1921 1143 1982 ΛΕ·

125 2023 181 2089 καὶ
214 2023 335 2090 λοιπὸν
364 2024 431 2109 ἀρα
457 2021 496 2089 τὸ
524 2019 590 2090 ἀπὸ
621 2029 730 2090 ΖΛΝ
752 2019 836 2109 πρὸς
863 2020 984 2090 λοιπὸν
1013 2021 1052 2089 τὸ
1079 2018 1140 2088 ὑπὸ

125 2135 245 2195 ΚΒΜ
267 2130 374 2214 ἐστιν,
403 2125 448 2207 ὡς
475 2127 496 2215 ἡ
527 2135 592 2195 ΑΒ
621 2127 704 2217 πρὸς
731 2126 792 2215 τὴν
822 2126 956 2215 ὀρθίαν.
1004 2136 1080 2196 ίσον
1107 2127 1143 2195 θλ

125 2234 162 2301 τὸ
196 2230 262 2301 ὑπὸ
294 2241 402 2302 ΖΛΝ
429 2237 474 2325 τῷ
507 2231 573 2303 ὑπὸ
602 2239 716 2312 ΗΕΞ·
768 2232 812 2314 ἀς
844 2232 911 2322 ἀρα
941 2232 961 2320 ἡ
991 2241 1058 2301 ΑΒ
1085 2237 1143 2301 τοῦ

72 2363 106 2411 20
126 2345 239 2420 είθους
260 2347 384 2427 πλαγία
407 2341 534 2428 πλευρά
555 2339 639 2430 πρὸς
661 2340 722 2427 τὴν
742 2337 878 2427 ὀρθίαν,
901 2338 939 2408 τὸ
959 2337 1026 2408 ὑπὸ
1045 2342 1147 2415 ΗΕΞ

125 2445 210 2534 πρὸς
232 2445 270 2515 τὸ
295 2444 361 2515 ὑπὸ
386 2453 506 2514 KEM.

601 2658 664 2743 κγ’.

190 2799 268 2868 Έάν
307 2804 343 2869 ἐν
380 2814 452 2881 ταῖς
488 2825 570 2868 κατα
609 2806 769 2885 συζυγίαν
802 2796 1049 2885 ἀντικειμέναις
1082 2799 1142 2869 δύο

126 2905 257 2973 εὐθεῖαι
289 2911 358 2974 τῶν
385 2906 457 2974 κατ’
484 2908 640 2974 ἐναντίον
667 2910 781 2993 τομῶν
808 2904 1035 2986 ἐπιψαύουσαι
1064 2926 1142 2992 συμ

71 3033 105 3083 25
124 3017 289 3079 πίπτωσιν
313 3013 366 3079 ἐπὶ
390 3017 477 3099 μιᾶς,
501 3003 539 3098 ἧς
562 3017 691 3099 ἐτυχου,
710 3015 824 3099 τομῆς,
849 3008 981 3098 ἀχθῶσι
1002 3014 1043 3079 δέ
1055 3020 1143 3092 ’τινες

124 3118 214 3204 παρά
252 3118 312 3197 τὰς
345 3121 576 3206 ἐφαπτομένας
607 3121 789 3206 τέμνουσαι
822 3115 967 3203 ἀλλήλας
998 3117 1055 3185 καὶ
1087 3119 1143 3196 τάς

125 3224 237 3310 ἑτέρας
251 3222 493 3311 ἀντικειμένας,
509 3230 611 3312 ἔσται,
627 3223 671 3304 ὡς
684 3227 724 3293 τά
740 3223 804 3292 ἀπὸ
821 3228 889 3292 τῶν
901 3226 1142 3310 έφαπτομένων

197 3461 221 3508 3.
241 3451 289 3525 δή]
310 3451 342 3507 θέ
360 3455 471 3522 Halley.
527 3462 552 3509 4.
572 3458 699 3509 EKAM
715 3455 748 3523 V,
767 3470 837 3509 corr.
852 3472 881 3523 p.
938 3460 962 3508 8.
982 3451 1050 3525 γάρ]
1071 3448 1139 3510 οόνθ

159 3531 201 3581 24.
223 3526 428 3597 συμπίπτουσιν
449 3542 474 3594 ν,
494 3526 519 3580 V
539 3529 584 3595 (ου
603 3543 673 3580 corr.
693 3526 723 3581 in
742 3528 807 3595 οὓς
827 3542 896 3579 corr.
915 3541 965 3593 pc.
