2438 3892
427 172 641 225 comcouuu
657 174 768 225 amns
784 175 806 228 1.
1059 174 1123 241 179

103 314 242 399 aliquod
264 318 301 379 H
319 317 477 399 sumatur,
499 315 608 398 perid
628 319 738 381 autem
756 317 862 381 rectae
882 321 952 385 ΔΕ
967 320 1123 402 parallela

102 421 241 489 ducatur
263 423 344 504 HA,
366 442 450 505 quae
472 442 546 486 cum
568 424 635 487 AB
658 421 816 506 producta
839 421 873 486 in
891 426 926 487 K
943 429 1123 491 concurrat.

103 527 306 613 producatur
335 527 439 612 igitur
466 529 530 590 ΖΟ
561 531 594 594 et
623 549 695 593 cnm
722 530 800 593 HK.
822 529 858 592 in
886 532 917 591 A
944 536 1124 599 concurrat.

103 633 262 720 quoniam
298 633 401 718 igitur
436 654 531 699 arcus
564 639 597 698 A
603 637 637 697 Δ
668 634 758 699 arcui
790 638 857 699 ΛΒ
890 637 1033 720 aequalis
1066 642 1124 722 est,

102 740 168 807 erit
195 738 301 821 [Eucl.
328 738 392 824 1Π,
420 740 478 821 27]
508 743 866 815 LABA=LAZB.
913 746 945 806 et
968 743 1122 827 quoniam

103 848 156 911 est
181 846 287 927 [Eucl.
310 845 337 930 Ι,
359 846 416 927 32]
442 849 947 932 ΛΕΖΑΞΖΛΑ-Ι-ΖΑΛ,
971 853 1003 913 et

434 956 575 1028 LZAA
589 983 631 1005 =
647 958 668 1028 L
682 956 797 1033 ZBA,

101 1062 245 1134 LZAA
257 1088 301 1112 ==
316 1064 337 1134 L
352 1062 458 1124 ΖΒΑ
481 1057 587 1138 [Euol.
609 1058 672 1142 ΙΙΙ,
697 1060 765 1142 27],
788 1060 850 1124 erit
873 1061 974 1125 etiam

328 1168 899 1240 LEZA==LABA==LBZA.

100 1291 216 1337 uerum
247 1270 347 1336 etiam
381 1274 452 1334 ΔΕ
480 1270 638 1354 parallelo
670 1274 721 1337 est
751 1275 859 1337 rectae
891 1275 970 1337 AH.
1023 1295 1121 1357 quare

101 1381 239 1452 ΑΕΖΔ
253 1407 296 1431 =
311 1383 333 1453 L
347 1380 462 1462 ΖΗΘ,
490 1382 511 1452 L
527 1380 627 1441 ΔΖΒ
643 1406 685 1429 =
700 1382 721 1452 L
736 1381 843 1442 ΖΘΗ
867 1377 971 1458 [Eucl.
995 1377 1025 1461 I,
1053 1379 1121 1460 29].

102 1482 1121 1568 quarcetiamLZHld=LZd>Het[Eucl.I,6]ZH=Zt).

132 1634 137 1643 ·
170 1589 371 1665 describatur
403 1590 506 1674 igitur
523 1590 656 1654 circum
684 1593 757 1654 ΘΗ
779 1591 917 1655 circulus
944 1594 1055 1655 ΗΘΝ
1080 1593 1122 1656 ad

99 1696 307 1781 triangulum
334 1698 436 1761 ΘΗΖ
465 1694 753 1779 perpendicularis,
780 1698 814 1760 et
840 1696 984 1782 fingatur
1011 1719 1120 1783 conus,

101 1803 194 1869 ouius
208 1803 297 1869 basis
312 1803 355 1866 sit
368 1804 407 1865 H
408 1805 481 1866 ΘΝ
490 1802 639 1885 circulus,
656 1804 768 1866 uertex
783 1806 893 1867 autem
909 1806 936 1867 Ζ
949 1809 1118 1890 punctum3

100 1930 205 1974 conus
228 1908 331 1994 igitur
352 1911 461 1973 rectus
486 1908 562 1992 erit,
585 1908 662 1993 quia
682 1912 749 1972 ΗΖ
765 1939 807 1961 =
823 1912 883 1973 ΖΘ
907 1909 982 1991 [def.
1001 1912 1047 1992 3].
1088 1916 1120 1976 et

101 2014 258 2099 quoniam
291 2014 430 2079 circulus
458 2018 571 2079 ΗΘΝ
596 2013 637 2079 ad
663 2015 796 2099 planum
824 2018 925 2080 ΘΗΖ
952 2018 1119 2101 perpendi-

100 2121 218 2187 cularis
241 2123 300 2205 est,
323 2142 437 2185 uerum
460 2121 560 2185 etium
582 2121 715 2205 planum
737 2121 906 2188 subiacens
925 2122 1118 2207 adplenum

99 2229 262 2292 rectarum
280 2230 357 2310 ΗΘ,
376 2230 438 2290 ΘΖ
456 2226 719 2312 perpendiculare
738 2231 797 2309 est,
817 2229 916 2293 etiam
935 2231 1118 2295 communis

99 2352 212 2399 eorum
236 2333 337 2398 sectio
362 2332 403 2398 ad
425 2334 558 2419 plenum
581 2337 742 2399 rectarum
767 2336 842 2417 ΗΘ,
865 2337 927 2397 ΘΖ
948 2336 1118 2418 perpendi-

100 2438 216 2504 cularis
248 2438 311 2504 erit
344 2438 449 2521 [Eucl.
477 2438 540 2525 XI,
574 2439 639 2520 19].
695 2442 774 2503 ΚΜ
804 2439 905 2522 igitur
937 2442 1118 2506 eommunis

100 2566 211 2611 eorum
235 2546 335 2610 sectio
359 2546 412 2611 sit.
453 2546 563 2630 itaque
586 2550 668 2611 ΚΜ
686 2545 728 2609 ad
751 2546 922 2628 utramque
944 2549 1021 2629 ΑΚ,
1045 2550 1124 2611 ΚΗ

98 2650 376 2737 perpendicularis
414 2655 465 2716 est
496 2649 600 2732 [Encl.
631 2650 679 2715 XI
707 2650 768 2715 def.
796 2650 841 2729 3].
897 2653 930 2713 et
963 2651 1117 2735 quoniam

100 2778 210 2843 conus,
232 2757 322 2823 cuius
345 2758 433 2823 basis
457 2762 508 2822 est
529 2761 641 2822 ΗΘΝ
656 2758 803 2842 circulus,
825 2760 938 2822 uerter
961 2761 1069 2822 aulem
1089 2763 1117 2823 Z

97 2867 269 2951 punctum,
292 2864 392 2948 plano
415 2886 472 2948 per
496 2885 588 2928 axem
613 2867 719 2928 sectus
743 2867 807 2948 est,
831 2864 916 2949 quod
940 2865 1117 2930 sectionem

98 2970 199 3037 efficit
235 2969 437 3054 triangulum
473 2973 592 3053 ΗΘΖ,
629 2990 742 3034 uerum
779 2970 878 3034 etiam
915 2970 980 3036 alio
1017 2972 1115 3055 plano

97 3081 261 3145 rectarum
280 3079 358 3159 ΑΚ,
377 3078 463 3158 ΚΜ,
482 3075 568 3160 quod
587 3078 637 3139 est
654 3076 789 3157 planum
808 3077 989 3162 subiacens,
1008 3082 1115 3143 sectus

98 3190 149 3249 est
176 3183 351 3249 secundum
378 3186 501 3247 rectam
529 3185 610 3246 ΚΜ
634 3181 675 3246 ad
704 3185 778 3246 HK
807 3184 1116 3268 perpendicularem,

98 3295 132 3356 et
152 3288 217 3356 hoc
240 3290 374 3374 planum
397 3311 471 3354 oum
495 3291 571 3372 ZH,
595 3291 656 3351 ΖΘ
673 3288 830 3354 lateribus
850 3291 924 3355 coni
944 3291 1116 3373 concurrit,

97 3397 198 3463 sectio
236 3400 310 3461 orta
346 3395 469 3479 ellipsis
506 3398 574 3479 est,
610 3394 701 3460 cuius
738 3395 915 3461 diametrus
953 3398 1003 3464 esi
1039 3399 1114 3476 AB,

98 3502 246 3568 ordinate
288 3500 402 3566 ductae
443 3504 552 3566 autem
593 3500 629 3565 in
669 3503 757 3567 recto
799 3502 920 3587 angulo
957 3500 1115 3565 ducentur

900 3602 953 3657 12*
1130 3609 1137 3618 ·
