2438 3892
163 165 207 229 14
564 165 731 220 ΚΩΝΙΚΩΝ
749 161 789 220 α’.

229 307 296 376 ἐπεὶ
325 306 389 396 γάρ
422 304 442 394 ή
471 305 537 376 άπὸ
566 315 628 375 τοῦ
654 316 686 374 Α
715 308 768 375 ἐπὶ
795 306 832 373 τὸ
861 312 890 372 Β
918 309 1185 399 ἐπιζευγνυμένη

160 414 258 502 κοινή
281 415 366 502 τομή
392 417 460 484 ἐστι
484 418 546 482 τοῦ
568 415 748 500 τέμνοντος
772 413 930 481 ἐπιπέδου
958 415 1019 482 καὶ
1043 421 1107 504 τής
1129 431 1187 489 τοῦ

161 521 275 591 κάνου
303 524 512 609 ἐπιφανείας,
540 518 658 588 εὐθεῖα
687 518 753 607 άρα
781 519 871 588 ἐστίν
898 516 920 605 ή
946 528 1029 588 ΑΒ·
1064 522 1186 613 ὁμοίως

162 629 199 696 δὲ
221 631 277 696 καὶ
301 626 322 715 ή
346 635 419 696 ΑΓ.
467 633 536 695 ἐστι
565 626 602 695 δέ
629 627 685 694 καὶ
709 624 729 713 ή
755 633 821 696 ΒΓ
840 624 965 694 εύθεία.
1014 637 1186 718 τρίγωνον

126 734 227 823 σάρα
251 736 320 804 ἐστὶ
343 735 380 804 τὸ
407 741 515 803 ΑΒΓ.

227 840 286 910 ἐὰν
306 840 371 927 άρα
394 846 504 920 κῶνος
527 841 670 932 ἐπιπέδῳ
694 841 763 908 τινί
787 842 899 928 τμήθή
923 839 981 908 διὰ
1005 837 1080 930 τῆς
1090 872 1187 934 κορυ-

161 952 237 1034 φής,
261 945 281 1033 ή
301 946 385 1034 τομή
410 946 577 1035 τρίγωνόν
601 931 699 1014 ἐστιν.

224 1280 303 1350 Ἐάν
332 1281 540 1371 ὁποτεραοῦν
568 1287 636 1351 των
668 1283 751 1351 κατὰ
783 1282 937 1370 κορυφήν
971 1287 1184 1374 ἐπιφανειῶν

107 1412 140 1461 10
159 1391 302 1483 ἐπιπέδῳ
330 1392 398 1459 τινί
425 1393 538 1477 τμήθή
566 1389 768 1482 παραλλήλῳ
796 1399 842 1481 τῷ
865 1388 993 1480 κύκλῳ,
1027 1394 1115 1463 καθ’
1142 1389 1183 1466 ού

159 1500 295 1584 φέρεται
313 1495 334 1585 ή
355 1496 534 1586 γράφουσα
552 1494 614 1582 τήν
634 1495 832 1583 ἐπιφάνειαν
853 1497 981 1583 εύθεῖα,
1004 1497 1046 1567 τὸ
1065 1503 1183 1573 ἐναπο-

41 1626 44 1632 ·
96 1640 101 1650 ·
158 1603 418 1691 λαμβανόμενον
442 1606 599 1671 ἐπίπεδον
622 1601 744 1689 μεταξὺ
763 1613 822 1690 τής
841 1606 1037 1689 ἐπιφανείας
1057 1610 1182 1690 κύκλος

160 1715 250 1776 ἔσται
278 1708 316 1776 τὸ
344 1710 485 1794 κέντρον
509 1713 594 1795 ἔχων
622 1709 675 1776 ἐπὶ
702 1711 764 1777 τοῦ
788 1707 922 1795 άξονος,
954 1707 993 1777 τὸ
1022 1711 1064 1780 δὲ
1093 1739 1184 1803 περι

158 1815 320 1901 εχόμενον
332 1818 440 1900 σχήμα
455 1810 521 1881 ὑπό
534 1817 644 1882 τετοῦ
659 1813 785 1882 κύκλου
798 1816 926 1902 καὶτῆς
940 1813 1183 1907 άπολαμβανο·

107 1942 139 1990 ιε
159 1921 261 2007 μένης
278 1916 344 1987 ὑπὸ
364 1923 425 1987 τοῦ
443 1920 624 2006 τέμνοντος
643 1920 802 1987 ἐπιπέδου
820 1924 964 2007 κωνικής
980 1923 1182 2010 ἐπιφανείας

158 2024 241 2113 πρὸς
263 2031 303 2114 τῇ
326 2038 460 2115 κορυφή
483 2037 591 2106 κῶνος
615 2032 714 2095 ἐσται.

226 2137 308 2200 ἐστω
332 2131 458 2219 κωνική
482 2131 674 2218 ἐπιφάνεια,
698 2124 738 2219 ής
760 2131 893 2220 κορυφή
916 2134 978 2221 μὲν
1000 2134 1041 2203 τὸ
1065 2148 1101 2205 A
1125 2160 1181 2226 σή-

157 2253 264 2326 μείον,
289 2235 306 2306 ὁ
328 2239 365 2307 δέ
383 2238 515 2324 κύκλος,
538 2236 615 2307 καθ’
638 2229 680 2306 ού
699 2240 834 2327 φέρεται
853 2237 873 2326 ή
892 2239 955 2328 τήν
974 2243 1180 2329 ἐπιφάνειαν

157 2345 335 2434 γράφουσα
359 2342 491 2431 εύθεῖα,
516 2341 534 2413 ὁ
560 2351 636 2426 ΒΓ,
664 2347 719 2413 καί
742 2348 917 2433 τετμήσθω
942 2349 1089 2440 ἐπιπέδῳ
1113 2355 1180 2422 τινί

102 2476 137 2524 20
155 2452 356 2546 παραλλήλῳ
375 2456 420 2543 τῷ
436 2459 502 2520 ΒΓ
516 2451 638 2543 κύκλῳ,
656 2454 712 2519 καλ
731 2457 865 2522 ποιείτω
886 2455 922 2521 ἐν
940 2464 979 2543 τῇ
995 2457 1178 2550 ἐπιφανείᾳ

155 2561 262 2648 τομήν
289 2559 351 2647 τήν
376 2568 446 2628 ΛΕ
471 2558 637 2646 γραμμήν.
684 2560 783 2645 λέγω,
813 2557 864 2627 ὅτι
892 2557 913 2647 ή
938 2569 971 2627 Δ
980 2568 1009 2627 Ε
1035 2566 1175 2653 γραμμή

154 2665 276 2745 κύκλος
298 2668 388 2734 ἐστίν
413 2669 465 2735 ἐπὶ
488 2670 549 2734 τοῦ
573 2664 693 2746 άξονος
717 2664 862 2752 ἔχωντί)
886 2667 1035 2754 κέντρου.

222 2771 375 2857 εἰλήφθω
404 2771 468 2858 γὰρ
496 2772 534 2840 τὸ
563 2773 703 2857 κέντρον
731 2776 792 2840 τοῦ
820 2779 888 2842 ΒΓ
913 2773 1041 2841 κύκλου
1069 2776 1110 2844 τὸ
1136 2785 1174 2865 Ζ,

154 2877 209 2944 καὶ
234 2875 420 2963 ἐπεζεύχθω
444 2874 465 2963 ή
490 2884 563 2945 ΑΖ.
610 2876 700 2960 άξων
724 2876 790 2967 άρα
814 2880 882 2946 ἐστὶ
909 2880 964 2946 καί
989 2881 1176 2965 συμβάλλει

101 3005 135 3054 25
154 2987 200 3076 τῷ
229 2985 384 3070 τέμνοντι
412 2985 564 3074 ἐπιπέδῳ.
615 2986 829 3071 συμβαλλέτω
857 2983 939 3053 κατά
967 2983 1004 3053 τὸ
1032 2995 1083 3072 H,
1118 2992 1174 3058 καὶ

155 3089 370 3177 ἐκβεβλήσθω
400 3116 432 3156 τι
462 3089 518 3157 διὰ
546 3100 603 3177 τῆς
632 3098 697 3157 ΑΖ
728 3093 894 3159 ἐπίπεδον.
950 3097 1041 3159 ἔσται
1075 3094 1119 3181 δή
1154 3095 1175 3183 ἡ

154 3195 237 3284 τομή
259 3203 427 3283 τρίγωνον
444 3198 481 3264 τὸ
502 3202 609 3264 ΑΒΓ.
646 3197 701 3263 καὶ
721 3198 791 3264 ἐπεὶ
810 3197 850 3264 τὰ
870 3206 913 3282 Δ,
932 3201 978 3281 H,
999 3206 1030 3265 Ε
1051 3217 1174 3288 σημεῖα

155 3306 262 3395 ἐντῷ
285 3303 444 3389 τέμνοντί
465 3304 554 3371 ἐστιν
578 3303 732 3395 ἐπιπέδῳ,
758 3307 825 3371 ἔστι
849 3303 884 3371 δέ
907 3305 962 3371 καί
986 3307 1022 3372 ἐν
1045 3309 1091 3396 τῷ
1112 3314 1175 3377 τοῦ

226 3521 250 3569 7.
271 3510 358 3587 ἐστιν]
380 3512 439 3570 ἐοτῖ
457 3538 503 3570 :-
523 3516 556 3570 V.
