2438 3892
73 88 76 93 '
123 145 167 209 98
519 145 686 198 ΚΩΝΠζΩΝ
704 138 744 198 α’.

123 287 209 374 λέγω
229 286 283 373 δή,
303 283 356 354 ὅτι
373 287 430 354 καί
449 290 496 367 είς
513 284 574 355 τὸν
593 286 714 371 μεταξὺ
732 285 838 354 τόπον
856 289 916 372 τῇς
929 290 999 353 ΑΓ
1009 280 1142 364 εὐθείας

122 392 179 460 καὶ
203 396 262 479 τῇς
284 396 386 479 τομῇς
410 393 504 480 ἑτέρα
528 389 646 461 εὐθεῖα
670 390 711 460 οὐ
733 405 999 480 παρεμπεσεῖται.

192 504 222 568 εί
253 499 316 586 γὰρ
350 498 513 584 δυνατόν,
549 499 799 585 παρεμπιπτέτω
834 495 879 579 ὡς
911 495 932 585 ἡ
966 505 1051 584 ΑΔ,
1087 495 1140 565 καί

123 607 278 693 εἰλήφθω
302 631 333 672 τι
357 617 496 691 σημεῖον
516 601 565 672 ἐπ’
589 601 691 690 αὐτῇς
708 601 811 691 τυχὸν
829 603 867 673 τὸ
888 610 933 691 A,
955 604 1013 671 καί
1031 628 1140 688 τεταχ·

88 713 232 800 ομένως
260 709 317 779 ἀπ’
339 707 445 779 αὐτοῦ
467 709 625 797 αατῇχθω
649 707 669 797 ἡ
694 718 778 795 AE,
805 710 861 777 καί
884 706 941 777 διὰ
963 712 1027 776 τοῦ
1050 716 1082 776 Ε
1102 711 1140 796 τῇ

124 827 189 887 ΑΖ
217 817 431 903 παράλληλος
452 814 548 903 ἤχθω
572 813 593 903 ῇ
618 824 700 884 EM.
746 817 801 885 καὶ
825 818 896 884 ἐπεὶ
918 815 956 884 τὸ
982 813 1049 884 ἀπὸ
1074 821 1144 883 ΗΕ

124 934 202 994 ἴσον
226 924 294 992 ἐστί
312 927 357 1016 τῷ
376 919 442 990 ὑπὸ
461 929 587 1008 AEM,
610 927 806 1010 πεποιήσθω
826 927 870 1014 τῷ
893 919 956 990 ὐπὸ
978 930 1011 989 A
1018 928 1050 988 E
1067 928 1141 989 ίσον

123 1029 161 1099 τὸ
190 1027 255 1098 ὑπὸ
279 1035 400 1115 AEN,
427 1030 482 1097 καὶ
512 1032 740 1118 ἐπιζευχθεῖσα
768 1027 788 1116 ἡ
813 1035 887 1098 ΑΝ
912 1030 1058 1115 τεμνέτω
1080 1025 1143 1113 τὴν

126 1143 204 1203 ΖΜ
225 1133 309 1203 κατὰ
336 1134 374 1204 τὸ
398 1138 441 1221 Ξ,
468 1137 525 1204 καὶ
553 1135 609 1204 διὰ
638 1137 700 1224 μὲν
727 1142 788 1206 τοῦ
812 1141 842 1214 Ξ
863 1140 904 1225 τῇ
930 1142 995 1202 ΖΑ
1018 1131 1142 1222 παρείλ-

72 1256 106 1305 10
124 1249 225 1328 ληλος
252 1239 347 1329 ἤχθω
375 1239 396 1329 ἡ
424 1246 501 1330 ΞΘ,
530 1243 586 1312 διὰ
615 1242 652 1312 δὲ
679 1247 740 1312 τοῦ
770 1251 798 1310 Θ
825 1245 865 1331 τῇ
891 1248 960 1310 ΑΓ
983 1238 1005 1328 ἡ
1031 1246 1143 1310 ΘΑΚ.

126 1350 196 1417 ἐπεὶ
225 1343 288 1417 οὐν
315 1348 353 1417 τὸ
377 1347 443 1419 ἀπὸ
469 1359 540 1418 AE
561 1359 637 1418 ἴσον
661 1351 729 1418 ἐστὶ
753 1352 798 1439 τῷ
822 1346 888 1418 ὑπο
912 1354 1029 1430 AEN,
1053 1353 1144 1416 ἔστιν

126 1452 171 1537 ὥς
198 1453 219 1543 ῇ
244 1463 316 1524 ΝΕ
340 1457 424 1546 πρὸς
447 1464 531 1544 EA,
559 1454 580 1543 ἡ
604 1464 675 1523 AE
695 1455 778 1545 πρὸς
801 1462 881 1524 ΕΑ·
927 1454 983 1522 καὶ
1011 1451 1055 1534 ὡς
1079 1452 1143 1539 ἄρα

125 1560 238 1649 ἡΝω
258 1563 341 1650 πρὸς
360 1572 442 1650 EA,
465 1564 502 1632 ιε
528 1561 593 1631 ἀπὸ
613 1570 684 1630 ΛΕ
704 1560 788 1650 πρὸς
806 1563 844 1630 τὸ
865 1558 929 1629 ἀπὸ
950 1568 1025 1628 EA.
1068 1555 1141 1627 ἀλλ’

126 1666 171 1749 ὡς
198 1668 260 1756 μέν
282 1667 304 1756 ἡ
328 1677 400 1737 ΝΕ
420 1668 503 1758 πρὸς
525 1677 606 1756 ΕΑ,
634 1667 655 1758 ῇ
677 1673 739 1746 ΞΘ
760 1669 844 1755 πρὸς
867 1675 946 1753 ΘΑ,
976 1664 1020 1746 ὡς
1045 1665 1083 1734 δὲ
1106 1664 1143 1734 τὸ

73 1789 108 1840 15
127 1772 192 1843 ἀπὸ
216 1783 288 1842 AE
307 1777 390 1861 πρὸς
413 1775 451 1843 τὸ
474 1774 541 1844 ἀπὸ
564 1783 645 1861 ΕΑ,
669 1775 707 1845 τὸ
732 1773 796 1844 ἀπὸ
821 1782 886 1843 ΚΘ
908 1773 993 1861 πρὸς
1015 1770 1053 1840 τὸ
1078 1770 1144 1840 ἀπὸ

126 1887 200 1948 ΘΑ.
247 1877 292 1959 ὡς
318 1879 384 1967 ἄρα
411 1879 431 1968 ἡ
454 1884 516 1959 ΞΘ
543 1882 626 1972 πρὸς
649 1891 730 1969 ΘΑ,
757 1881 795 1951 τὸ
820 1881 885 1950 ἀπὸ
909 1887 975 1948 ΚΘ
997 1902 1083 1968 προς
1106 1877 1145 1947 τὸ

127 1984 192 2054 ἀπὸ
211 1993 289 2054 ΘΛ*
327 1989 409 2073 μέση
434 1985 499 2075 ἄρα
522 1985 694 2075 ἀνάλογόν
715 1992 806 2058 ἐστιν
824 1986 845 2075 ἡ
866 1995 931 2056 ΚΘ
948 1996 1018 2057 τῶν
1037 1990 1145 2063 ΞΘΑ.

125 2095 164 2161 τὸ
189 2090 254 2180 ἄρα
276 2089 343 2161 ὐπὸ
363 2101 432 2162 ΘΚ
453 2103 529 2164 ίσον
552 2098 621 2165 ἐστί
643 2107 689 2188 τῷ
709 2095 774 2165 ὑπὸ
790 2098 906 2179 ΑΘΕ·
943 2099 1012 2162 ἔστι
1032 2093 1145 2160 δὲκαὶ

127 2197 164 2266 τὸ
193 2195 258 2267 ἀπὸ
283 2206 348 2267 ΛΘ
374 2212 419 2292 τῷ
447 2198 513 2269 ὑπὸ
537 2206 637 2280 ΑΘΞ
662 2211 738 2271 ίσον
767 2199 823 2270 διὰ
850 2199 912 2287 τὴν
940 2199 1061 2286 τομήν·
1107 2197 1145 2267 τὸ

73 2321 108 2372 20
127 2304 194 2392 ἄρα
222 2303 287 2374 ὐπὸ
316 2312 381 2374 ΚΘ
409 2317 484 2377 ἴσον
513 2309 581 2378 ἐστὶ
608 2314 654 2400 τῷ
683 2307 748 2377 ὐπὸ
772 2317 849 2376 ΘΛ·
897 2306 977 2394 ὅπερ
1007 2305 1146 2374 ἄτοπον.

128 2413 190 2482 οὐκ
214 2414 280 2504 ἄρα
304 2419 352 2495 είς
374 2415 434 2484 τὸν
458 2414 579 2503 μεταξὺ
597 2414 702 2483 τόπον
721 2419 780 2501 τῇς
799 2441 833 2482 τε
852 2419 921 2481 ΑΓ
936 2410 1072 2491 εὐθείας
1088 2413 1147 2479 καί

126 2529 185 2606 τῆς
207 2531 312 2608 τομῆς
335 2522 429 2610 ἑτέρα
452 2520 570 2590 εὐθεία
593 2535 856 2609 παρεμπεσεῖται.

605 2661 669 2747 λχ’.

193 2767 272 2835 Ἐὰν
292 2771 328 2836 έν
348 2773 522 2858 παραβολῇ
541 2772 658 2857 ληφθῇ
672 2794 703 2835 τι
723 2780 873 2853 σημεῖον,
891 2767 948 2834 καί
967 2763 1022 2834 ἀπ’
1040 2765 1148 2835 αὐτοῦ

76 2895 112 2944 25
130 2875 337 2959 τεταγμένως
364 2875 417 2943 ἐπί
440 2874 502 2962 τὴν
526 2876 706 2963 διάμετρον
728 2877 895 2961 καταχθῇ,
922 2873 978 2939 καί
1001 2877 1041 2961 τῇ
1066 2872 1146 2941 ιἰπο-

129 2979 367 3067 λαμβανομένῇ
395 2977 452 3048 ὑπ’
479 2978 582 3067 αὐτῇς
610 2978 675 3048 ἀπὸ
704 2991 762 3067 τῇς
790 2981 971 3067 διαμέτρου
999 2979 1082 3067 πρὸς
1104 2985 1146 3068 τῇ

128 3087 261 3171 κορυφῇ
280 3090 363 3174 τεθῇ
383 3095 438 3172 ίση
462 3086 513 3155 ἐπ’
536 3087 671 3167 εὐθείας
693 3083 749 3153 ἀπ’
771 3085 875 3172 ἄκρας
899 3084 1010 3171 αὐτῇς,
1035 3086 1055 3172 η
1081 3084 1146 3153 ἀπὸ

128 3193 191 3259 τοῦ
218 3193 405 3277 γενομένου
433 3200 574 3280 σημείου
602 3194 654 3260 ἐπὶ
682 3192 719 3260 τὸ
749 3192 882 3279 ληφθὲν
911 3205 1050 3278 σημεῖον
1080 3195 1146 3259 ἐπι-

130 3296 333 3382 ζευγνυμένη
357 3296 520 3383 ἐφάψεται
542 3302 601 3384 τῇς
622 3309 735 3385 τομῆς.

202 3427 227 3477 7.
246 3421 423 3475 πεποιείσθω
444 3421 482 3490 V3
506 3437 576 3475 corr.
590 3439 617 3490 p.
672 3422 723 3496 τῷ]
744 3439 813 3493 ουρ,
834 3439 904 3478 corr.
924 3437 958 3475 ex
977 3418 1008 3475 τό
1028 3438 1065 3476 m.
1082 3428 1095 3475 1
1112 3422 1147 3477 V.

166 3497 209 3547 23.
228 3488 286 3563 λη’]
305 3510 333 3563 p,
354 3509 406 3547 om.
421 3491 455 3560 V,
474 3510 510 3545 m.
531 3498 547 3544 2
566 3510 592 3546 v.
