2438 3892
417 166 631 220 CONIOORUM
648 166 757 217 LIBER
773 166 796 218 1.
1046 161 1109 227 131

94 310 169 373 ΒΛ
201 308 309 373 antem
340 311 448 374 rectae
476 308 542 383 ΕΞ
565 308 723 395 parallela
751 312 813 390 est,
846 308 940 372 etin
968 308 1110 374 sectione

96 416 267 499 sumptum
295 417 346 479 est
372 418 526 501 punctum
550 419 598 498 N,
626 438 646 480 a
675 436 738 500 quo
768 413 915 478 ordinate
943 414 1040 479 ducta
1063 418 1112 478 est

96 522 183 605 No,
206 524 314 587 rectae
337 525 447 587 autem
470 527 540 588 ΔΕ
560 522 717 607 parallela
740 524 775 585 K
778 524 827 604 N,
850 520 913 585 erit

376 649 485 710 ΝΘΚ
495 676 538 700 --
553 646 717 716 ΘΜΓ-ζ-
731 649 843 731 ΒΓΛ;

97 768 165 835 hoc
188 768 274 834 enim
296 770 331 835 in
352 770 576 854 propositione
599 768 708 835 XLIII
731 770 989 834 demonstratum
1013 772 1069 834 est

561 1053 659 1119 XLV.

171 1146 208 1262 Si
230 1200 319 1261 recta
340 1195 553 1281 hyperbolam
576 1197 629 1262 uel
649 1197 788 1281 ellipsim
807 1198 860 1262 uel
879 1198 1037 1262 ambitum
1056 1198 1113 1263 cir-

101 1302 168 1369 culi
196 1303 389 1388 contingens
418 1324 491 1368 cum
520 1305 623 1368 altera
651 1304 807 1370 diametro
836 1303 1010 1387 concurrit,
1038 1309 1071 1369 et
1094 1327 1113 1368 a

99 1413 224 1496 puncto
257 1412 426 1476 contactus
453 1413 542 1474 recta
568 1410 610 1475 ad
637 1410 772 1474 eandem
800 1410 992 1474 diametrum
1020 1411 1114 1474 alteri

100 1516 263 1582 diametro
290 1516 447 1600 parallelo
475 1516 616 1595 ducitur,
643 1538 701 1600 per
729 1519 885 1600 punctum
909 1519 1018 1580 autem
1041 1537 1115 1580 con-

100 1623 210 1689 taetus
233 1622 444 1706 centrumque
467 1624 555 1686 recta
573 1620 771 1706 producitur,
795 1624 828 1685 et
848 1624 979 1705 sumpto
998 1622 1032 1686 in
1051 1643 1116 1686 sec·

99 1728 194 1795 tione
211 1714 333 1813 puncto
352 1727 461 1812 aliquo
481 1727 562 1793 duae
581 1731 688 1793 reciae
707 1726 747 1792 ad
766 1729 903 1793 alteram
922 1729 1116 1793 diametrum

101 1836 274 1919 ducuntur,
292 1855 428 1918 quarum
443 1834 547 1900 altera
561 1834 775 1919 contingenti,
794 1834 896 1899 altera
909 1838 1015 1900 rectae
1030 1835 1115 1899 ordi-

100 1944 181 2007 nate
209 1941 325 2005 ductae
352 1941 511 2025 parallelo
539 1945 601 2024 est,
627 1941 810 2026 triangulus
839 1943 879 2006 ab
904 1941 957 2006 his
982 1942 1114 2007 effectus

99 2046 279 2133 triangulo,
303 2068 399 2132 quem
421 2052 512 2112 recta
535 2047 683 2112 ordinate
707 2047 804 2113 ducta
827 2048 868 2112 ad
891 2052 1037 2113 centrum
1061 2050 1116 2113 ab-

101 2154 233 2238 scindit,
255 2154 291 2218 in
308 2153 491 2239 hyperbole
510 2154 615 2218 maior
634 2154 697 2218 erit
715 2154 891 2240 triangulo,
916 2155 1005 2220 ouius
1024 2157 1113 2221 basis

102 2264 267 2327 ostreata
290 2260 492 2345 contingens,
514 2265 626 2324 uertex
651 2263 759 2325 autem
783 2265 929 2326 centrum
953 2262 1117 2343 sectionis,

100 2368 141 2434 in
163 2367 270 2452 ellipsi
293 2370 402 2431 autem
426 2367 608 2452 circuloque
633 2368 784 2432 adiuncto
803 2367 969 2451 triangulo
989 2367 1116 2432 absciso

102 2474 252 2560 aequalis
271 2474 333 2538 erit
346 2473 523 2558 triangulo,
541 2475 632 2539 cuius
646 2474 735 2539 basis
750 2476 799 2538 est
813 2475 901 2537 recta
916 2473 1117 2556 contingens,

101 2584 218 2647 uertex
242 2585 351 2646 autem
375 2585 522 2645 centrum
545 2580 708 2645 sectionis.

172 2687 217 2753 sit
234 2688 417 2772 hyperbola
435 2688 488 2752 uel
508 2687 629 2771 ellipsis
649 2688 701 2751 uel
720 2687 860 2751 ambitus
880 2685 991 2750 circuli
1009 2688 1117 2770 ABF,

103 2794 198 2861 cuius
226 2793 403 2858 diametrus
430 2794 474 2859 sit
496 2797 574 2879 Aa,
602 2794 704 2858 altera
731 2797 841 2858 autem
863 2797 943 2874 ΘΔ,
972 2796 1117 2857 centrum

104 2903 217 2967 autem
239 2904 277 2985 Θ,
301 2902 334 2965 et
351 2902 461 2964 ΓΜΛ
483 2899 518 2963 in
537 2902 569 2964 Γ
588 2899 765 2984 contingat,
787 2901 855 2963 ΓΔ
878 2904 987 2965 autem
1009 2904 1117 2965 rectae

103 3010 172 3073 ΑΘ
190 3006 350 3091 parallela
368 3005 514 3084 ducatur,
537 3009 570 3069 et
588 3005 685 3069 ducta
705 3007 771 3069 ΘΓ
785 3004 991 3090 producatur,
1012 3028 1118 3072 suma·

103 3118 160 3179 tur
183 3116 292 3178 autem
310 3112 345 3177 in
364 3112 507 3176 sectione
526 3115 684 3195 punctum
704 3111 835 3196 aliquod
853 3116 891 3195 B,
915 3116 947 3176 et
965 3136 985 3177 a
1003 3117 1032 3177 B
1050 3136 1117 3178 rec-

103 3220 148 3287 tis
172 3221 247 3299 ΛΓ,
270 3221 336 3284 ΓΔ
359 3218 533 3303 parallelae
556 3218 714 3283 ducantur
736 3222 808 3301 BE,
831 3221 902 3283 BZ.
944 3218 1024 3302 dico,
1048 3241 1118 3284 esse

818 3360 1118 3369 ——....—.-—-..-

109 3456 153 3506 1‘1.
172 3448 220 3517 'cot'
235 3447 322 3518 ovov]
338 3441 396 3500 ΔΓ
407 3447 433 3501 V
452 3445 488 3515 (h.
500 3461 523 3500 e.
540 3442 599 3513 A').
663 3452 705 3500 25.
725 3443 755 3516 ἡ]
772 3446 843 3514 (alt.)
858 3462 880 3514 e,
897 3446 995 3501 omV.
1051 3443 1119 3512 ΘΔ]

106 3521 196 3577 ΔΘΑ
241 3517 324 3587 alley.
