2446 3916
136 192 204 256 438
537 192 705 276 ΚΩΝΙΚΩΝ
723 188 761 261 γ’.

614 413 679 472 νγ.

203 507 282 579 Ἐἀν
306 511 343 577 έν
366 504 536 598 ὑπερβολῇ
560 504 581 595 ἢ
606 511 749 589 ἐλλείψει
772 505 794 595 ἢ
816 508 946 584 κύκλου
965 519 1168 602 περιφερείᾳ

142 614 163 705 ἢ
182 630 253 695 ταῖς
272 614 515 701 ἀντικειμέναις
536 612 592 682 ἀπ’
610 613 714 702 ἀκρας
731 619 790 702 τῆς
808 618 993 704 διαμέτρου
1007 615 1168 706 ἀχθῶσιν

139 722 229 813 παρὰ
261 724 468 809 τεταγμένως
499 722 726 809 κατηγμένην,
758 723 815 789 καὶ
847 720 913 790 ἀπὸ
944 728 1016 791 τῶν
1051 722 1167 793 αὐτῶν

101 829 294 915 οιτεράτων
317 826 402 915 πρὸς
422 826 461 896 τὸ
486 825 568 896 αὐτὸ
591 841 730 916 σημεῖον
753 833 812 916 τῆς
830 834 985 916 γραμμῆς
1004 827 1167 918 ἀχθεῖσαι

139 936 271 1004 εὐθεῖαι
304 935 449 1020 τέμνωσι
479 931 539 1013 τὰς
566 933 816 1023 παραλλήλους,
848 933 886 1003 τὸ
919 935 1167 1024 περιεχόμενον

139 1040 205 1110 ὑπὸ
228 1045 297 1109 τῶν
319 1039 601 1127 ἀποτεμνομένων
630 1048 706 1108 ἴσον
736 1041 804 1108 ἐστὶ
832 1044 879 1133 τῷ
901 1038 987 1127 πρὸς
1009 1046 1053 1130 τῇ
1079 1040 1166 1131 αὐτῇ

141 1149 306 1237 διαμέτρῳ
330 1150 420 1215 εἴδει.

208 1259 290 1321 ἔστω
315 1258 374 1340 μία
397 1257 465 1320 τάν
490 1253 677 1342 εἰρημένων
699 1255 811 1339 τομῶν
839 1249 861 1339 ἡ
884 1259 1000 1339 ΑΒΓ,
1027 1245 1071 1340 ἧς
1095 1255 1167 1322 διά-

88 1372 122 1421 10
141 1386 259 1446 μετρος
278 1357 389 1444 ἡΑΓ,
413 1361 469 1428 καὶ
491 1357 581 1448 παρὰ
599 1360 805 1447 τεταγμένως
823 1360 1035 1447 κατηγμένην
1050 1362 1167 1449 ἤχθω-

141 1485 205 1534 σαν
237 1469 275 1532 αλ
304 1474 391 1551 ΑΔ,
414 1471 488 1551 ΓΕ,
520 1466 576 1533 καλ
601 1464 809 1553 διήχθωσαν
842 1469 880 1533 αλ
909 1473 1028 1552 ΑΒΕ,
1054 1473 1167 1537 ΓΒΔ.

141 1575 237 1658 λέγω,
262 1569 369 1640 ὅτιτὸ
389 1569 454 1640 ὑπὸ
476 1580 552 1658 ΑΛ,
570 1578 636 1640 ΕΓ
656 1581 732 1640 ἴσον
751 1572 820 1640 έστλ
842 1581 888 1665 τῷ
912 1575 994 1640 εἴδει
1012 1576 1061 1664 τῷ
1081 1572 1168 1662 πρὸς

140 1684 180 1767 τῇ
205 1684 277 1746 ΑΓ.
1020 1760 1023 1764 ,

208 1786 305 1871 ἤχθω
329 1783 394 1872 γάρ
414 1782 479 1852 ἀπὸ
499 1787 561 1853 τοῦ
575 1792 604 1850 Β
624 1785 713 1873 παρά
727 1787 935 1872 τεταγμένως
947 1787 1166 1871 κατηγμένην

89 1901 122 1950 15
141 1889 162 1977 ἡ
183 1899 253 1959 ΒΖ.
292 1895 382 1959 ἔστιν
406 1888 483 1980 ἀρα,
508 1894 553 1969 δις
575 1889 613 1959 τὸ
635 1888 701 1958 ὑπὸ
721 1897 822 1958 ΑΖΓ
841 1889 926 1979 πρὸς
943 1889 981 1958 τὸ
1000 1887 1068 1958 ἀπὸ
1091 1898 1166 1976 ΖΒ,

141 1997 162 2084 ἡ
187 2003 310 2083 πλαγία
334 2000 419 2083 πρὸς
440 2022 503 2081 την
528 1995 654 2082 ὀρθίαν
677 1999 732 2065 καὶ
755 1995 838 2084 πρὸς
861 1995 898 2065 τὸ
923 1994 1014 2075 εἶδος
1037 1995 1076 2064 τὸ
1097 1995 1165 2065 ἀπὸ

141 2108 206 2190 τῆς,
228 2110 297 2170 ΑΓ
324 2102 545 2190 τετράγωνον.
592 2100 610 2168 ὁ
641 2103 678 2170 δὲ
705 2107 766 2171 τοῦ
793 2101 859 2171 ὑπὸ
884 2108 988 2169 ΑΖΓ
1015 2101 1101 2186 πρὸς
1127 2101 1165 2168 τὸ

142 2208 207 2277 ἀπὸ
237 2217 299 2276 ΒΖ
328 2208 428 2292 λόγος
456 2204 627 2290 σύγκειται
657 2210 692 2275 ἐκ
719 2212 781 2278 τοῦ
807 2212 865 2294 της
893 2217 958 2278 ΑΖ
991 2210 1074 2295 πρὸς
1103 2215 1166 2274 ΖΒ

142 2319 197 2384 καὶ
221 2320 282 2384 τοῦ
305 2319 364 2400 τῆς
384 2318 444 2380 ΓΖ
467 2311 551 2398 πρὸς
569 2319 643 2379 ΖΒ·
676 2311 693 2380 ὁ
718 2312 784 2400 ἀρα
807 2317 868 2380 τοῦ
887 2317 1000 2392 εἴδους
1022 2315 1109 2400 πρὸς
1127 2312 1166 2380 τὸ

88 2433 122 2480 20
143 2421 209 2490 ἀπὸ
233 2426 292 2506 τῆς
316 2423 384 2485 ΑΓ
408 2418 620 2503 τετράγωνον
646 2417 747 2503 λόγος
770 2417 939 2503 σύγκειται
963 2421 998 2485 έκ
1020 2423 1084 2486 τοῦ
1106 2430 1168 2504 τῆς

143 2537 204 2595 ΖΒ
233 2525 317 2614 πρὸς
341 2531 405 2589 ΖΑ
431 2524 487 2588 καὶ
515 2534 577 2590 τοῦ
602 2527 661 2610 τῆς
690 2531 752 2590 ΒΖ
778 2523 862 2611 πρὸς
892 2530 962 2591 ΓΖ.
1013 2521 1088 2591 ἀλλ’
1121 2529 1167 2603 ὡς

142 2636 204 2721 μέν
228 2631 248 2718 ἡ
273 2638 338 2698 ΑΖ
361 2628 444 2717 πρὸς
469 2636 545 2713 ΖΒ,
576 2626 596 2714 ἡ
622 2634 691 2696 AF
714 2629 796 2717 πρὸς
820 2636 897 2715 ΓΕ,
926 2633 970 2708 ὡς
997 2629 1034 2697 δὲ
1058 2627 1079 2716 η
1105 2636 1166 2697 ΓΖ

141 2741 226 2827 πρὸς
250 2744 328 2821 ΖΒ,
358 2733 379 2821 ἡ
406 2740 465 2802 ΓΑ
492 2733 577 2821 πρὸς
600 2743 680 2802 ΑΔ·
723 2734 740 2803 ὁ
770 2736 835 2824 ἀρα
859 2747 920 2802 τοῦ
945 2740 1058 2815 εἴδους
1080 2736 1167 2823 πρὸς

141 2846 179 2912 τὸ
205 2841 269 2911 ἀπὸ
299 2853 359 2927 τῆς
382 2848 450 2908 AF
474 2839 685 2928 τετράγωνον
713 2840 813 2927 λόγος
841 2841 1010 2926 σύγκειται
1040 2844 1076 2909 ἐκ
1103 2846 1167 2910 τοῦ

88 2960 123 3008 25
143 2954 202 3036 της
226 2954 291 3016 ΓΕ
316 2947 401 3035 πρὸς
425 2953 485 3013 ΓΑ
513 2946 569 3013 καλ
598 2951 659 3014 τοῦ
682 2958 741 3033 τῆς
763 2956 835 3013 ΑΔ
862 2948 946 3033 πρὸς
969 2954 1038 3016 FA.
1085 2948 1168 3035 σύγ-

142 3082 247 3123 κειται
276 3055 313 3122 δὲ
343 3055 398 3121 καὶ
426 3050 443 3120 ὁ
469 3056 529 3120 τοῦ
553 3050 619 3119 ὑπὸ
644 3060 729 3138 ΑΔ,
750 3060 814 3120 ΓΕ
839 3055 924 3140 πρὸς
946 3055 983 3121 τὸ
1009 3051 1076 3121 ἀπὸ
1100 3062 1172 3124 AF

141 3163 355 3247 τετράγωνον
380 3163 415 3227 ἐκ
439 3172 505 3226 τῶν
530 3155 656 3225 αὐτῶν·
687 3161 731 3237 ὡς
755 3160 819 3245 ἀρα
842 3158 880 3226 τὸ
905 3157 997 3239 εἶδος
1019 3161 1104 3250 πρὸς
1129 3164 1167 3231 τὸ

215 3329 240 3378 2.
261 3318 304 3392 ἐν]
325 3337 339 3374 e
360 3336 428 3373 corr.
449 3337 481 3387 p,
502 3335 555 3372 om.
575 3318 630 3373 Vc.
714 3323 755 3372 10.
775 3315 951 3387 τεταγμένως
970 3320 1165 3394 κατηγμένην]

142 3391 316 3462 τεταγμένην
336 3391 374 3458 V3
401 3406 469 3444 corr.
489 3389 600 3457 Halley.
693 3394 734 3442 11.
755 3388 934 3460 διήχθωσαν]
954 3409 984 3459 v,
1009 3389 1071 3460 διή-
1092 3411 1165 3450 corr,

143 3483 176 3520 ex
195 3485 213 3531 η
232 3464 349 3529 m.1V;
370 3458 506 3530 ἤχθωσαν
527 3477 549 3515 ο.
607 3466 648 3513 12.
669 3460 733 3530 ΑΔ]
750 3465 936 3530 pcv‚p0stA
951 3462 1115 3520 del.Bm.1
1133 3466 1167 3522 V.

176 3541 219 3592 21.
241 3534 302 3608 ZA]
323 3538 372 3588 BA
393 3532 430 3600 V3
450 3547 520 3586 corr.
540 3530 646 3586 Comm.
