2438 3892
123 111 190 175 250
523 47 690 164 mm
709 105 748 183 ρ’.

124 249 145 338 ἡ
165 257 228 320 ΓΔ
246 250 312 338 ἀρα
331 253 558 339 ἐκβαλλομένη
578 265 792 338 συμπεσεῖται
810 265 884 331 ταῖς
901 249 1135 338 ἀσυμπτωτοις.

125 358 167 426 ού
190 365 369 444 συμπίπτει
393 358 430 426 δὲ
452 354 523 426 κατ’
545 357 630 426 ἀλλα
653 354 674 445 ἢ
698 356 738 426 τά
757 366 798 445 Ε,
817 366 854 426 Θ.
893 355 977 426 ὥστε
1003 357 1044 426 ού
1063 377 1136 444 συμ-

123 479 271 533 πεσεῖται
295 461 376 533 οὐδὲ
398 469 439 554 τῇ
463 473 491 532 Β
513 469 608 554 τομῇ.

190 572 246 639 καὶ
270 570 437 659 φανερόν,
467 569 517 639 ὅτι
547 570 603 639 ὃιά
629 576 698 640 τῶν
722 582 828 659 τριῶν
850 573 963 640 τόπων
987 585 1136 639 πεσεῖται.

91 677 187 745 οέἀν
210 675 275 764 γὰρ
299 679 437 768 ἑκατέρη
463 682 532 744 τῶν
560 675 801 764 ἀντικειμένων
828 683 999 766 συμπίπτῃ
1022 704 1072 756 τις
1093 673 1136 744 εύ

125 793 216 868 θεῖα,
236 781 376 874 οὐδεμιᾷ
395 788 463 853 τῶν
481 783 722 871 ἀντικειμένων
741 798 956 871 συμπεσεῖται
975 782 1059 851 κατά
1079 782 1134 851 δύο

124 904 252 976 σημεῖα.
294 896 325 958 εἰ
346 890 410 977 γὰρ
434 905 648 977 συμπεσεῖται
671 891 754 960 κατὰ
778 890 845 978 δύο
866 903 999 977 σημεῖα,
1024 889 1079 957 διὰ
1097 887 1129 956 τύ

123 1000 408 1083 προθεὸειγμένον
431 1000 470 1085 τῇ
495 997 589 1086 ἑτέρᾳ
612 1001 696 1085 τομῇ
721 995 763 1065 ού
786 1010 1012 1083 συμπεσεῖται.

603 1173 667 1242 λύ’.

74 1314 107 1364 10
189 1294 267 1365 Ἐὰν
295 1301 371 1384 μιάς
398 1303 467 1366 τῶν
495 1294 733 1383 ἀντικειμένων
761 1295 879 1365 εύθεῖά
906 1323 957 1378 τις
986 1297 1131 1386 ἐπιψαύῃ,

61 1409 63 1412 ⁴
124 1404 180 1471 καὶ
202 1403 307 1494 ταύτῇ
330 1403 544 1492 παράλληλος
566 1400 655 1491 ἀχθῇ
680 1406 717 1471 έν
740 1407 780 1492 τῇ
800 1404 895 1492 ἑτέρᾳ
912 1409 1011 1493 τομῇ,
1035 1402 1056 1491 ἡ
1075 1401 1130 1472 ἀπὸ

123 1515 183 1596 τῇς
205 1508 296 1598 ἀφῇς
318 1512 372 1580 έπὶ
396 1513 500 1598 μέσην
523 1510 586 1596 τὴν
609 1508 824 1597 παράλληλον
851 1508 1001 1597 ἀγομένη
1026 1509 1132 1579 εὐθεῖα

125 1617 302 1705 διάμετρος
325 1623 416 1686 ἔσται
438 1622 508 1686 τάν
530 1616 778 1703 ἀντικειμένων.

191 1728 340 1791 ἔστωσαν
373 1720 599 1809 ἀντικείμεναι
630 1723 729 1808 τομαὶ
763 1725 801 1789 αλ
830 1731 872 1807 A,
896 1729 940 1808 Β,
976 1725 1034 1792 καὶ
1065 1734 1133 1811 μιᾶς

72 1845 106 1893 1ο
125 1827 238 1896 αὐτῶν
260 1833 319 1913 τῇς
336 1838 368 1895 A
392 1830 591 1914 ἐφαπτέσθω
614 1853 664 1907 τις
687 1825 805 1896 εύθεῖα
822 1825 843 1914 ἡ
859 1833 920 1895 ΓΔ
942 1829 1028 1898 κατὰ
1047 1829 1083 1899 τὸ
1096 1839 1133 1915 Α,

125 1933 180 2001 καὶ
197 1943 238 2021 τῇ
253 1938 315 2001 ΓΔ
337 1932 550 2019 παοάλληλος
571 1931 668 2020 ῇχθω
692 1936 729 2001 έν
751 1937 791 2023 τῇ
811 1934 907 2024 ἑτέρα
927 1939 1014 2024 τομῇ
1033 1934 1133 2023 m,

126 2038 182 2106 καὶ
204 2040 379 2126 τετμήσθω
404 2042 481 2127 δίχα
503 2038 586 2106 κατὰ
609 2038 647 2107 τὸ
667 2046 713 2125 H,
736 2040 792 2107 καὶ
811 2040 997 2129 ἐπεζεύχθω
1022 2040 1135 2129 ῇΑΗ.

124 2147 226 2231 λέγω,
252 2143 303 2213 ὅτι
326 2142 346 2231 ῇ
371 2147 445 2213 ΑΗ
465 2145 644 2233 διάμετρός
666 2148 735 2214 ἐστι
758 2151 826 2215 τῶν
850 2145 1097 2234 ἀντικειμένων.

191 2257 222 2319 εἰ
243 2249 308 2339 γὰρ
333 2251 492 2338 δυνατόν,
516 2259 599 2320 έστω
623 2251 774 2338 MK.
816 2251 837 2339 ἡ
861 2253 927 2342 ἀρα
949 2253 1035 2322 κατά
1057 2253 1134 2323 τὸΘ

72 2377 107 2425 20
127 2361 338 2446 ἐφαπτομένη
361 2358 574 2447 παράλληλός
597 2362 666 2427 ἐστι
688 2363 728 2447 τῇ
748 2366 819 2428 ΓΔ.
860 2357 944 2427 ἀλλὰ
964 2361 1022 2428 καὶ
1041 2359 1061 2448 ἡ
1080 2367 1135 2429 ΓΔ

123 2465 336 2554 παράλληλός
359 2468 428 2533 ἐστι
455 2469 494 2554 τῇ
518 2473 593 2532 ΕΖ·
630 2466 686 2532 καὶ
714 2462 734 2551 ἡ
760 2464 842 2533 κατὰ
869 2464 907 2534 τὸ
932 2474 960 2533 Θ
988 2465 1056 2551 ἀρα
1086 2469 1134 2552 ἐφ-

125 2576 292 2661 απτομένη
316 2571 530 2661 παράλληλός
552 2573 620 2640 ἐστι
648 2576 688 2660 τῇ
713 2579 785 2640 ΕΖ.
831 2580 886 2657 λ’ση
911 2571 976 2655 ἀρα
1007 2567 1134 2658 ἐστὶνῇ

124 2687 194 2746 ΕΚ
214 2685 254 2768 τῇ
273 2687 351 2747 ΚΖ·
376 2678 457 2765 ὅπερ
477 2676 662 2746 ἀδύνατον·
689 2675 709 2765 ἡ
729 2676 792 2764 γὰρ
812 2685 886 2745 ΕΗ
904 2681 944 2765 τῇ
964 2685 1033 2745 ΗΖ
1051 2682 1134 2746 ἐστιν

125 2790 190 2869 ἴση.
236 2784 298 2852 ούκ
321 2784 387 2872 ἀρα
412 2785 587 2873 διάμετρός
610 2786 699 2853 ἐστιν
723 2782 744 2870 ῇ
769 2793 834 2852 ΑΘ
861 2788 928 2852 τῶν
957 2784 1134 2872 ἀντικειμέ-

71 2905 105 2953 25
123 2914 203 2955 νων.
249 2887 359 2974 ῇΑΒ
383 2890 459 2977 ἀρα.

604 3032 663 3101 λε’.

187 3151 265 3220 Ἐὰν
285 3150 305 3240 ῇ
327 3155 502 3242 διάμετρος
521 3158 558 3222 ἐν
577 3161 636 3244 μιῇ
655 3162 723 3225 τῶν
742 3157 982 3243 ἀντικειμένων
998 3157 1132 3227 εύθεῖάν

124 3288 199 3329 τινα
223 3264 299 3347 δίχα
318 3261 431 3347 τέμνῇ,
454 3260 474 3347 ἡ
497 3262 709 3340 ἐπιψαύουσα
727 3268 786 3350 τῇς
805 3265 918 3351 ἑτέρας
936 3269 1040 3351 τομῇς
1059 3261 1133 3333 κατὰ

197 3464 238 3511 13.
258 3453 410 3526 διάμετρον
431 3452 467 3519 V3
488 3471 557 3509 corr.
577 3474 605 3524 p.
681 3464 723 3515 17.
743 3457 787 3530 τό]
810 3459 851 3513 bis
870 3460 908 3526 V;
929 3476 999 3514 corr.
1019 3479 1091 3532 cvp.
