2446 3916
409 189 622 242 comcoauu
640 191 750 240 amaa
767 192 817 242 111.
1055 186 1121 252 325

102 334 199 396 antea
223 332 372 416 diximus,
397 337 567 398 sumantur
589 336 698 398 autem
722 333 755 397 in
779 332 921 397 sectione
943 331 1006 397 duo
1026 355 1120 419 quae-

101 438 182 502 libet
203 442 323 524 puncta
342 443 380 522 Z,
403 444 446 525 H,
470 442 503 504 et
524 463 583 525 per
605 445 632 505 Z
656 439 920 524 contingentibus
944 439 1121 522 parallelae

101 544 261 610 ducantur
284 549 428 629 ΖΘΚΑ,
450 549 596 630 ΝΖΙΜ,
618 568 677 632 per
694 549 736 610 H
753 550 863 612 autem
882 545 993 629 ΗΞΟ,
1012 549 1120 610 ΘΠΡ.

101 651 188 737 dico,
211 674 282 718 esse
301 657 430 717 AH=
444 657 531 737 Mo,
555 657 630 717 AN
642 684 683 706 =
699 656 775 718 ΡΝ.

169 759 321 843 quoniam
335 760 421 824 enim
436 765 532 825 antea
546 760 844 825 demonstrauimus
862 761 969 843 [prop.
979 758 1036 841 Π],
1051 779 1121 823 csse

100 869 205 930 ΡΠΑ
220 897 262 918 =
276 869 353 949 ΓΗ,
371 869 476 930 AMI
487 897 528 918 =
543 869 613 950 ΓΖ,
633 869 666 930 et
689 870 850 931 AP11=
866 867 970 929 AMI
982 868 1020 945 -Ι-
1035 867 1122 949 ΠΜ,

101 972 165 1037 erit
183 973 282 1039 etiam
301 975 374 1036 ΓΗ
379 1003 420 1026 =
431 975 495 1037 ΓΖ
506 975 546 1054 -l-
559 977 645 1038 HM.
669 974 781 1058 itaque
796 975 868 1038 ΓΗ
876 1003 916 1026 =
930 974 990 1036 ΓΘ
1002 974 1042 1053 -Ι-
1053 974 1121 1035 ΡΖ.

101 1079 281 1161 auferatur,
313 1079 399 1165 quod
427 1101 599 1145 commune
628 1083 691 1164 est,
724 1083 799 1164 ΓΘ,
832 1079 993 1164 reliquum
1021 1077 1122 1162 igitur

104 1189 179 1249 AH
189 1216 230 1238 =
245 1189 326 1251 cM.
372 1206 450 1270 ergo
470 1190 545 1250 AN
555 1217 597 1239 =
613 1189 689 1250 ΡΝ.

580 1380 638 1447 IV.

171 1503 204 1569 Si
241 1505 323 1570 duae
359 1510 467 1571 rectae
500 1507 660 1580 sectiones
695 1505 863 1590 oppositas
896 1505 1122 1588 contingentes

100 1612 189 1675 inter
212 1633 246 1676 se
270 1616 475 1699 concurrunt,
499 1616 532 1677 et
554 1634 613 1696 per
635 1616 755 1697 puncta
779 1616 949 1677 contactus
974 1608 1122 1674 diametri

102 1717 264 1782 ducuntur
295 1740 369 1783 cum
397 1718 661 1803 contingentibus
690 1720 931 1800 concurrentes,
963 1715 1122 1801 trianguli

102 1823 143 1887 ad
168 1825 394 1910 contingentes
417 1825 519 1911 positi
542 1825 692 1910 aequales
718 1827 822 1888 erunt.

171 1931 237 1995 sint
259 1937 299 2016 A,
322 1935 351 1995 Β
376 1933 534 1999 sectiones
554 1932 734 2019 oppositae,
758 1952 877 2017 easque
896 1931 1120 2015 contingentes

101 2041 181 2120 ΑΓ,
203 2041 271 2103 ΒΓ
288 2040 322 2103 in
347 2042 380 2103 Γ
404 2043 610 2124 concurrant,
638 2042 786 2104 centrum
810 2041 918 2102 autem
942 2037 1122 2102 sectionum

372 2128 375 2133 ¹
798 2144 841 2208 sit
860 2148 901 2227 A,
924 2142 1121 2227 duceturque

730 2287 747 2328 ,ι
798 2253 862 2314 ΑΒ
887 2252 921 2313 et
943 2252 1019 2333 ΓΔ,
1040 2269 1122 2332 quae

798 2357 839 2420 ad
864 2359 896 2419 E
916 2354 1124 2438 producatur,

798 2466 831 2526 et
848 2461 1009 2525 ducantur
1024 2460 1123 2522 etiem

798 2573 831 2630 A
838 2572 883 2648 A,
906 2570 935 2628 B
942 2570 975 2629 A
1004 2565 1122 2650 produ-

798 2675 974 2755 canturque
986 2672 1025 2735 ad
1035 2675 1071 2749 Z,
1079 2675 1122 2737 H.

672 2762 675 2768 i
725 2828 750 2881 θ
798 2780 884 2863 dico,
908 2799 977 2842 esse

819 2890 931 2950 ΑΗΔ
947 2916 989 2936 =·
1004 2889 1107 2949 BAZ

797 2997 871 3057 etA
876 2995 910 3056 Γ
911 2997 938 3056 Ζ
954 3023 995 3044 =
1012 2995 1121 3058 ΒΓΗ.

169 3112 227 3175 per
249 3095 278 3155 Θ
301 3093 387 3157 enim
411 3093 588 3158 sectionem
612 3095 804 3179 contingens
828 3099 962 3163 ducatur
983 3104 1060 3183 osi,
1084 3121 1122 3165 ea

100 3197 204 3282 igitur
232 3203 339 3263 rectae
365 3203 444 3263 ΑΗ
463 3200 623 3284 parallelo
652 3207 702 3267 eet
732 3203 902 3284 [Eutooius
932 3206 974 3270 ad
1000 3207 1025 3290 Ι,
1053 3207 1121 3288 44].

101 3309 135 3370 et
154 3305 306 3393 quoniam
326 3309 377 3371 est
394 3304 432 3390 [1‚
447 3308 503 3388 30]
518 3311 590 3371 AA
606 3340 648 3361 =
663 3314 739 3394 Aa,
758 3311 820 3375 erit
833 3316 946 3376 ΑΗΔ
962 3343 1002 3364 =
1018 3317 1128 3376 ΘΛΔ

102 3411 208 3491 [Eucl.
235 3410 293 3490 VI,
318 3412 384 3493 19].
431 3417 480 3477 est
507 3417 617 3479 autem
641 3418 744 3480 ΔΘΑ
759 3447 801 3469 =
817 3421 917 3482 ΒΔΖ
947 3420 1052 3502 [prop.
1076 3418 1120 3500 1];

102 3539 201 3603 quare
216 3518 314 3582 etiam
328 3522 440 3582 ΑΗΔ
450 3550 491 3572 =
502 3525 570 3584 ΒΔ
576 3525 612 3585 Ζ.
646 3543 723 3608 ergo
738 3525 836 3588 etiam
849 3530 881 3588 A
887 3526 946 3588 ΓΖ
959 3555 999 3578 =
1011 3528 1040 3588 Β
1045 3528 1078 3590 Γ
1079 3530 1126 3593 Η.
