2438 3892
177 121 221 185 34
573 123 739 177 mmm
758 118 800 177 α’.

177 263 377 355 παραλλήλῳ
397 262 468 332 ὄντι
487 268 527 353 τῆ
546 264 642 350 βάσει
660 263 740 351 μῆτε
754 261 971 350 ὑπεναντίως,
991 267 1052 334 καὶ
1066 275 1208 338 ποιείτω

176 373 284 459 τομὴν
309 373 345 439 ἐν
364 376 404 460 τῆ
424 373 601 461 ἐπιφανείᾳ
618 369 680 458 τῆν
696 378 802 438 ΛΚΕ
818 371 984 459 γραμμήν.
1024 374 1133 462 λέγω,
1158 376 1208 444 ὅτι

177 475 196 565 ἡ
224 485 333 546 ΛΚΕ
352 475 487 565 χραμμῆ
512 473 574 546 ούκ
598 482 689 544 ἔσται
712 475 841 558 κύκλος.

247 590 278 653 εί
299 584 364 672 γὰρ
389 583 553 670 δυνατόν,
577 589 676 670 ἔστω,
699 583 756 652 καί
779 586 988 671 συμπιπτέτω
1014 583 1053 653 τὸ
1078 589 1208 675 τέμνον

143 712 158 760 5
179 694 336 760 ἐπίπεδον
359 695 399 780 τῇ
419 690 527 777 βάσει,
549 691 605 758 καὶ
629 694 711 759 ἔστω
731 694 799 758 τῶν
818 692 982 758 ἐπιπέδων
997 693 1104 780 κοινὴ
1121 693 1205 782 τομῆ

177 795 198 886 ἤ
221 805 298 884 ΖΗ,
321 797 359 866 τὸ
385 797 422 865 δὲ
444 799 585 886 κέντρον
608 801 669 864 τοῦ
687 803 754 864 ΒΓ
772 801 897 866 κύκλον
916 802 999 866 ἔστω
1020 797 1058 867 τδ
1083 807 1127 885 Θ,
1152 801 1206 868 καὶ

178 902 234 972 ἄπ’
258 902 364 973 αὐτοῦ
387 903 530 983 κάθετος
553 902 650 991 ἤχθω
675 904 728 971 ἐπὶ
752 904 815 990 τῆν
834 910 906 971 ΖΗ
924 901 944 990 ἤ
964 911 1044 990 ΘΗ,
1070 907 1134 973 καὶ
1158 910 1205 975 έκ-

178 1009 357 1097 βεβλῆσθω
382 1009 437 1076 διὰ
462 1013 519 1096 τῆς
541 1017 609 1077 ΗΘ
636 1010 692 1077 καὶ
719 1013 780 1078 τοῦ
809 1008 931 1092 ἄξονος
954 1012 1123 1080 ἐπίπεδον
1151 1014 1207 1081 καὶ

178 1123 312 1185 ποιείτω
340 1115 444 1202 τομὰς
473 1118 509 1184 ἐν
537 1119 576 1204 τῆ
603 1121 728 1204 κωνικῆ
753 1120 931 1207 ἐπιφανείᾳ
953 1114 1012 1196 τδις
1035 1126 1121 1206 BA,
1141 1125 1208 1188 ΑΓ

128 1243 161 1291 10
181 1223 323 1303 εὐθείας.
371 1222 440 1289 ἐπεὶ
466 1213 528 1290 οὖν
551 1221 591 1290 τὰ
616 1231 664 1310 Λ,
685 1232 728 1310 Ε,
750 1231 788 1291 Η
807 1235 926 1310 σημεῖα
950 1229 987 1291 έν
1010 1249 1046 1291 τε
1070 1230 1122 1317 τῷ
1149 1224 1203 1294 διὰ

178 1335 237 1417 τῆς
262 1337 370 1398 ΛΚΕ
392 1331 535 1413 ἐπιπέδῳ
555 1332 662 1414 ἐστίν,
686 1335 754 1397 ἔστι
779 1329 817 1397 δὲ
839 1329 894 1396 καὶ
918 1332 954 1397 ἐν
977 1333 1023 1422 τῷ
1048 1333 1112 1399 διὰ
1136 1336 1203 1401 τῶν

179 1449 221 1525 A,
241 1445 281 1525 B,
298 1444 337 1525 Γ,
360 1436 399 1505 τὰ
419 1435 484 1522 ἤρα
503 1445 546 1523 Λ,
562 1444 602 1522 Ε,
616 1443 655 1504 H
674 1450 793 1524 σημεῖα
813 1437 865 1505 ἐπὶ
883 1439 942 1523 τῆς
959 1440 1077 1524 κοινῆς
1098 1443 1203 1526 τομῆς

179 1556 247 1614 τῶν
262 1545 426 1614 ἐπιπέδων
440 1545 544 1611 ἐστίν·
564 1541 681 1611 εὐθεῖα
692 1542 756 1628 ἤρα
767 1544 858 1611 ἐστὶν
868 1541 888 1629 ἡ
900 1549 938 1610 Η
940 1550 1017 1610 ΕΛ.
1041 1543 1201 1633 είλῆφθω

180 1651 222 1739 δῆ
247 1678 278 1718 τι
302 1651 354 1719 ἐπὶ
377 1654 436 1736 τῆς
460 1656 568 1717 ΛΚΕ
588 1654 742 1737 χραμμῆς
765 1663 905 1737 σημεῖον
928 1646 965 1717 τὸ
989 1655 1034 1735 Κ,
1060 1652 1122 1718 καί
1148 1649 1203 1720 διὰ

128 1774 161 1823 15
179 1762 240 1824 τοῦ
259 1763 294 1823 Κ
313 1766 353 1844 τῇ
376 1762 447 1822 ΖΗ
464 1755 675 1842 παράλληλος
697 1754 793 1844 ἤχθω
818 1753 939 1842 ἤΚΛ·
963 1758 1055 1823 ἔσται
1080 1756 1128 1844 δὴ
1149 1768 1202 1846 ἴση

180 1860 200 1949 ἤ
217 1870 251 1930 Κ
256 1869 299 1929 Μ
312 1866 351 1950 τῆ
366 1867 451 1929 ΜΛ.
483 1858 504 1948 ἤ
523 1861 588 1948 ἄρα
604 1872 638 1930 Λ
645 1871 675 1930 Ε
692 1862 868 1950 διάμετρός
890 1866 958 1931 ἐστι
976 1865 1039 1930 τοῦ
1055 1871 1205 1934 ΛΚΛΕ

181 1966 316 2036 κύκλον.
362 1965 458 2054 ἤχθω
488 1968 530 2054 δῆ
559 1967 614 2036 διὰ
638 1974 699 2037 τοῦ
724 1976 767 2037 Μ
789 1974 828 2058 τῆ
856 1974 919 2036 ΒΓ
940 1967 1202 2060 παράλληλοςη

180 2077 306 2151 ΝΜΞ·
338 2079 406 2143 ἔστι
430 2075 545 2143 δὲκαὶ
568 2073 588 2162 ἤ
613 2080 744 2164 ΚΛτῆ
771 2083 842 2143 ΖΗ
860 2074 1086 2162 παράλληλος·
1119 2076 1204 2148 ὥστε

180 2181 217 2250 τὸ
243 2179 299 2248 διδι
323 2185 390 2249 τῶν
414 2185 496 2268 ΝΞ,
517 2189 598 2249 ΚΜ
623 2184 781 2250 ἐπίπεδον
809 2179 1025 2270 παράλληλόν
1055 2183 1131 2252 ἐστι
1160 2189 1203 2277 τῷ

127 2302 160 2350 20
181 2287 237 2356 διὰ
255 2292 322 2356 τῶν
337 2293 410 2374 ΒΓ,
426 2295 503 2374 ΖΗ,
527 2290 675 2356 τουτέστι
699 2299 738 2377 τῇ
756 2288 863 2375 βάσει,
886 2289 942 2355 καὶ
962 2293 1054 2355 ἔσται
1073 2286 1096 2375 ἡ
1118 2290 1203 2380 τομῆ

179 2395 310 2475 κύκλος.
347 2399 430 2462 ἔστω
455 2392 473 2462 ὁ
498 2399 611 2472 ΝΚΞ.
651 2396 706 2462 καί
731 2396 800 2462 ἐπεὶ
823 2391 844 2480 ἡ
869 2402 939 2462 ΖΗ
958 2398 998 2482 τῇ
1021 2401 1097 2462 ΒΗ
1119 2398 1205 2486 πρὸς

182 2500 290 2588 ὀρθάς
309 2504 389 2588 ἑστι,
412 2501 467 2568 καὶ
486 2499 601 2588 ἤΚΜ
617 2505 656 2589 τῇ
672 2509 710 2568 Ν
712 2504 742 2576 Ξ
757 2500 840 2589 πρὸς
860 2498 967 2587 ὀρθάς
986 2502 1090 2568 ἐστιν·
1119 2502 1204 2572 ὥστε

180 2608 218 2676 τδ
242 2608 308 2678 ὑπὸ
332 2614 400 2677 τῶν
424 2611 539 2684 ΝΜΞ
564 2617 639 2675 ἴσον
665 2610 733 2676 ἐστὶ
756 2611 801 2698 τῷ
826 2606 891 2675 ἀπὸ
915 2611 973 2692 τῆς
995 2612 1083 2674 ΚΜ.
1135 2616 1204 2680 ἔστι

182 2715 219 2783 δὲ
242 2716 279 2782 τὸ
303 2713 369 2783 ὑπὸ
393 2719 461 2783 τῶν
486 2721 599 2782 ΛΜΕ
621 2723 696 2782 ι”σον
720 2718 765 2804 τῷ
789 2712 853 2782 ἀπὸ
878 2718 936 2800 τῆς
958 2719 1052 2781 ΚΜ·
1076 2715 1204 2798 κύκλος

127 2833 161 2882 25
181 2820 246 2906 γὰρ
266 2818 439 2888 ὑπόκειται
458 2818 479 2907 ἤ
496 2830 529 2887 Λ
535 2823 638 2889 ΚΕΛ
656 2820 803 2908 χραμμῆ,
821 2821 877 2888 καὶ
897 2819 1074 2906 διάμετρος
1093 2822 1203 2891 αὐτοῦ

181 2923 201 3012 ἡ
219 2934 294 2993 ΛΕ.
327 2926 364 2994 τὸ
385 2925 451 3013 ἤρα
466 2925 531 2995 ὑπὸ
547 2932 615 2996 τῶν
630 2935 667 2995 Ν
670 2930 744 3004 ΜΞ
761 2935 837 2994 ίσον
852 2926 920 2994 ἐστὶ
935 2930 979 3019 τῷ
994 2923 1060 2993 ὑπὸ
1077 2935 1113 2992 Λ
1119 2936 1203 2997 ΜΕ.

183 3037 272 3100 ἔστιν
288 3031 353 3119 ἤρα
369 3029 413 3112 ὡς
427 3030 446 3119 ἤ
463 3039 545 3100 ΜΝ
560 3031 642 3118 πρὸς
657 3041 745 3118 ΜΛ,
770 3031 876 3112 οὕτως
891 3029 911 3119 ἤ
929 3040 1005 3099 ΕΜ
1019 3029 1105 3117 πρὸς
1121 3038 1204 3112 ΜΞ.

182 3138 302 3226 ὅμοιον
331 3138 396 3223 ἤρα
425 3140 493 3207 ἐστὶ
521 3138 558 3207 τὸ
589 3147 708 3207 ΛΜΝ
733 3145 899 3226 τρίγωνον
927 3142 971 3230 τῷ
997 3140 1107 3215 &ME
1135 3169 1204 3231 τρι-

180 3245 290 3337 γώνῳ,
313 3246 368 3312 καὶ
388 3243 407 3331 ἤ
426 3242 492 3313 ὑπὸ
513 3253 634 3313 ΛΝΜ
650 3251 756 3332 γωνία
776 3255 831 3331 ίση
851 3246 920 3314 ἐστὶ
938 3248 977 3333 τῆ
996 3242 1063 3311 ὑπὸ
1084 3252 1203 3327 ME&

254 3412 295 3460 16.
317 3405 448 3475 ΛΚΛΕ]
469 3408 585 3459 ΛΚΕΛ
603 3423 631 3474 p.
695 3410 738 3459 20.
759 3406 826 3476 ΒΓ]
847 3424 873 3475 p,
893 3423 963 3460 corr.
983 3420 1018 3458 ex
1036 3408 1059 3457 Β
1080 3425 1119 3461 m.
1137 3416 1154 3465 2
1171 3410 1203 3464 V.

218 3485 259 3531 21.
280 3472 308 3547 ὁ]
329 3492 381 3545 ομ,
402 3492 455 3529 om.
473 3476 505 3529 V.
579 3481 622 3530 23.
643 3471 717 3547 ἐστί]
738 3494 760 3544 ο,
782 3473 856 3532 ἐστίν
880 3476 909 3530 V.
