2438 3892
415 153 630 206 comcoaun
648 156 758 244 amau
775 157 797 208 1.
1070 155 1114 219 43

164 299 299 362 uocetur
313 300 421 362 autem
435 298 511 362 talis
527 298 627 363 sectio
642 299 814 382 parabola,
829 302 890 363 ΘΖ
905 303 1013 364 autem
1026 304 1116 366 recta

97 406 302 486 parametrus
325 407 486 468 rectarum
511 403 551 468 ad
572 407 644 467 ZH
662 404 855 469 diametrum
874 404 1021 470 ordinate
1041 406 1114 471 duc-

98 512 221 593 tarum,
243 514 377 575 uocetur
400 512 507 574 autem
532 510 631 574 etiam
654 511 742 574 latus
765 515 899 577 rectum.

571 704 644 769 XII.

166 827 200 894 Si
228 851 328 894 conus
356 851 414 912 per
441 850 534 893 axem
558 830 656 912 plano
681 832 823 911 secatur,
855 832 984 894 secatur
1008 834 1116 894 autem

98 935 163 1000 alio
186 958 314 1021 quoque
337 937 445 1020 plano,
469 935 554 1018 quod
577 935 683 1000 basim
706 935 781 1001 coni
800 935 975 1000 secundum
994 939 1116 1000 rectam

100 1046 190 1107 secat
215 1042 255 1106 ad
277 1042 384 1106 basim
408 1042 564 1126 trianguli
587 1062 644 1125 per
668 1062 761 1106 axem
784 1041 885 1126 positi
907 1041 1116 1125 perpendicu-

99 1149 223 1232 larem,
260 1151 292 1211 et
324 1148 500 1212 diametrus
534 1147 686 1212 sectionis
717 1149 877 1233 producta
909 1169 982 1212 cum
1014 1149 1117 1214 latere

103 1253 213 1337 aliquo
240 1253 399 1338 trianguli
425 1273 483 1337 per
510 1273 602 1315 axem
625 1252 726 1336 positi
750 1258 842 1318 extra
865 1254 1020 1318 uerticem
1044 1255 1117 1320 coni

101 1361 280 1444 concurrit,
313 1359 475 1445 quaelibet
506 1360 612 1442 recta,
647 1381 728 1443 quae
761 1382 780 1423 a
813 1352 955 1425 sectione
989 1360 1117 1425 ducitur

97 1468 259 1551 parallela
277 1467 438 1532 communi
459 1465 596 1530 sectioni
609 1465 701 1550 plani
715 1466 854 1531 secantis
867 1466 1020 1551 basisque
1035 1467 1118 1553 coni,

98 1574 140 1638 ad
163 1574 358 1638 diametrum
382 1572 534 1638 sectionis
559 1576 690 1656 sumpta
712 1572 871 1656 quadrata
893 1573 1036 1656 aequalis
1056 1573 1118 1637 erit

98 1682 206 1763 spatio
244 1681 372 1745 cuidam
404 1682 512 1745 rectae
545 1679 726 1763 adplicato,
759 1679 799 1742 ad
832 1700 929 1762 quam
960 1682 1050 1743 recta
1081 1681 1117 1743 in

97 1787 257 1872 producta
280 1786 437 1851 diametro
461 1786 614 1850 sectionis
637 1784 761 1870 posita,
787 1785 984 1849 subtendens
1008 1790 1117 1850 autem

99 1893 160 1957 sub
198 1893 319 1978 angulo
355 1892 513 1978 trianguli
551 1893 751 1956 extrinsecus
788 1892 915 1976 posito,
957 1892 1117 1957 rationem

100 1998 212 2081 habet,
231 2021 329 2083 quam
348 1999 541 2082 quadratum
560 2000 667 2063 rectae
685 2020 704 2062 a
723 1997 844 2062 uertice
863 1998 936 2062 coni
956 1999 996 2062 ad
1009 1999 1117 2063 basim

99 2104 257 2190 trianguli
281 2105 440 2170 diametro
465 2105 617 2170 sectionis
641 2105 818 2189 parallelae
842 2105 958 2171 ductae
977 2105 1017 2169 ad
1036 2111 1117 2171 rect·
1207 2125 1209 2128 ⁴

100 2212 256 2296 angulum
290 2210 559 2295 comprehensum
590 2211 738 2294 partibus
771 2212 873 2295 basis,
905 2233 985 2294 quas
1017 2211 1118 2275 efficit

97 2321 188 2382 recta
226 2318 340 2402 ducta,
375 2317 581 2383 latitudinem
618 2318 743 2382 habens
778 2321 901 2382 rectam
934 2318 975 2382 ab
1008 2339 1046 2382 ea
1079 2338 1118 2381 ex

99 2425 257 2490 diametro
296 2424 337 2490 ad
370 2423 526 2489 uerticem
558 2425 712 2489 sectionis
745 2424 925 2503 abscisam,
963 2423 1118 2487 excedens

97 2532 204 2616 figura
219 2532 318 2595 simili
332 2531 544 2614 similiterque
558 2531 665 2614 posita
680 2530 870 2615 rectangulo
884 2529 1117 2612 comprehenso

98 2642 188 2703 recta
203 2639 262 2702 sub
278 2638 397 2723 angulo
412 2636 570 2720 trianguli
581 2637 780 2700 extrinsecus
791 2637 899 2721 posito
911 2635 1116 2700 subtendent'

99 2747 364 2829 parametroque;
388 2747 523 2809 uocetur
546 2744 655 2805 autem
678 2741 754 2805 talis
774 2741 874 2806 sectio
893 2742 1119 2826 hyperbole.

167 2851 210 2915 sit
229 2872 339 2931 conus,
363 2850 453 2916 cuius
472 2852 584 2913 uertex
604 2848 647 2911 sit
664 2853 697 2911 A
713 2851 879 2932 punctum,
901 2850 988 2914 basis
1008 2854 1118 2916 autom

100 2956 239 3021 circulus
253 2959 324 3039 ΒΓ,
340 2960 372 3020 et
386 2977 444 3039 per
458 2975 551 3019 axem
570 2955 668 3037 plano
688 2959 823 3038 secetur,
842 2956 927 3040 quod
942 2957 1117 3022 sectionem

101 3062 222 3127 efficiat
250 3066 352 3127 ΑΒΓ
375 3061 590 3146 triangulum,
620 3065 746 3125 secetur
771 3065 879 3127 autem
902 3063 964 3127 alio
989 3086 1116 3148 quoque

99 3170 198 3254 plano
218 3170 324 3233 basim
343 3168 414 3232 coni
434 3167 558 3231 secanti
577 3167 752 3232 secundum
771 3172 893 3233 rectam
912 3173 982 3233 ΔΕ
999 3170 1038 3233 ad
1057 3173 1123 3234 ΒΓ

100 3275 207 3340 basim
234 3274 391 3358 trianguli
422 3276 524 3337 ΑΒΓ
547 3274 858 3359 perpendicularem,
886 3277 920 3338 et
946 3275 979 3339 in
1009 3298 1118 3359 super·

100 3382 173 3446 fioie
201 3382 274 3447 coni
302 3379 477 3445 sectionem
501 3379 622 3444 efficiat
649 3382 769 3445 lineam
798 3385 912 3463 ΔΖΕ,
940 3382 1118 3446 diametrus

102 3492 210 3553 autem
234 3486 387 3553 sectionis
408 3489 480 3549 ZH
492 3485 649 3569 producta
668 3509 740 3551 cum
760 3492 792 3550 A
799 3490 830 3551 Γ
844 3489 945 3551 latere
962 3488 1119 3571 trianguli
