2438 3892
382 183 596 235 corticosum
613 185 723 234 amna
740 186 762 235 1.
1036 183 1079 247 29

128 348 169 390 ne
194 325 360 415 slteigitur
384 329 490 391 rectus
515 347 625 392 conus.
670 327 737 391 iam
762 327 791 390 si
812 327 998 411 triangulus
1022 349 1080 411 per

62 457 154 498 axem
191 433 318 515 poeltus
356 432 396 497 ad
429 431 587 497 circulum
620 435 687 497 ΒΓ
713 433 989 516 perpendicularis
1022 439 1081 516 est,

63 541 174 605 eodem
213 539 308 603 modo
347 538 661 622 demonstrabimus,
698 539 797 604 etiam
836 544 906 604 ΔΕ
941 539 981 604 ad
1014 543 1087 604 ZH

62 645 360 730 perpendicularem
394 665 472 711 esse.
522 666 564 708 ne
596 646 640 709 sit
672 646 774 731 igitur
806 647 991 732 triangulus
1023 669 1081 729 per

63 774 155 816 axem
183 752 309 836 positus
334 753 438 815 ΑΒΓ
463 751 502 815 ad
532 752 686 817 circulum
711 755 776 816 ΒΓ
795 751 1080 836 perpendicularis.

63 857 145 942 dico,
177 879 218 922 ne
247 863 318 922 ΔΕ
350 857 481 942 quidem
510 858 548 922 ad
577 861 650 921 ΖΗ
670 857 970 942 perpendicularem
1000 880 1080 923 esse.

61 986 138 1028 nam
162 965 190 1028 si
212 964 283 1028 fieri
305 966 424 1048 potest,
449 963 501 1027 sit.
542 985 655 1028 uerum
679 964 779 1028 etiam
804 962 844 1026 ad
863 966 928 1028 ΒΓ
946 986 1080 1048 perpen-

64 1070 216 1135 dicularis
236 1073 295 1134 est.
328 1074 399 1133 ΔΕ
415 1069 516 1153 igitur
534 1069 575 1133 ad
593 1073 765 1155 utramque
780 1072 850 1153 ΒΓ,
865 1074 937 1135 ΖΗ
945 1093 1081 1156 perpen-

63 1176 215 1240 dicularis
246 1177 308 1258 est3
339 1195 439 1258 quare
467 1174 564 1239 etiam
593 1176 634 1240 ad
661 1177 797 1260 planum
824 1198 882 1260 per
910 1180 985 1260 BF,
1013 1180 1086 1241 ZH

63 1281 195 1345 ductum
227 1280 504 1365 perpendicularis
538 1280 599 1344 erit
632 1280 736 1360 [Eucl.
763 1281 824 1364 XI,
852 1284 896 1363 4].
946 1285 1081 1367 planum

62 1390 172 1452 autem
195 1391 358 1452 rectarum
381 1389 453 1469 ΒΓ,
473 1389 541 1449 ΗΖ
565 1389 614 1450 est
637 1390 749 1470 ABI'3
774 1408 872 1472 quare
890 1393 961 1453 ΔΕ
983 1391 1081 1454 etiam

62 1494 104 1559 ad
121 1494 323 1580 triangulum
341 1496 448 1558 ΑΒΓ
461 1491 735 1577 perpendicularis
755 1497 814 1557 est.
853 1494 962 1578 itaque
981 1497 1081 1559 etiam

62 1601 171 1666 omnia
207 1601 306 1684 plana
341 1621 398 1684 per
435 1621 507 1663 eam
544 1599 640 1663 ducta
676 1599 716 1662 ad
749 1599 951 1684 triangulum
983 1604 1088 1667 ΑΒΓ
1189 1638 1191 1643 ·

60 1707 341 1791 perpendicularis
360 1708 437 1771 sunt
457 1705 562 1787 [Eucl.
576 1704 632 1789 XI,
649 1705 715 1788 18].
747 1727 860 1769 uerum
879 1705 964 1771 inter
982 1708 1081 1791 plana

61 1834 120 1895 per
139 1818 209 1877 ΑΒ
229 1814 326 1878 ducta
350 1816 400 1877 est
425 1812 563 1878 cIrculus
582 1816 658 1895 BF,
683 1832 783 1896 quare
801 1812 939 1877 circulus
959 1816 1025 1879 ΒΓ
1040 1814 1081 1878 ad

61 1919 266 2004 triangulum
292 1921 397 1983 ΑΒΓ
424 1918 700 2003 perpendicularis
732 1923 790 1983 est.
840 1919 951 2003 Itaque
981 1921 1081 1986 etiam

61 2025 246 2110 triangulus
265 2027 371 2089 ΑΒΓ
389 2025 429 2089 ad
454 2024 608 2089 circulum
627 2027 694 2089 ΒΓ
706 2024 982 2108 perpendicularis
1003 2027 1080 2110 erit3

63 2130 151 2214 quod
171 2133 282 2196 contra
300 2130 515 2214 hypothesim
533 2134 592 2194 est.
623 2151 701 2215 ergo
716 2135 786 2194 ΑΒ
803 2131 844 2196 ad
860 2136 932 2195 ΖΗ
945 2154 1079 2217 perpen-

64 2237 217 2302 dicularis
241 2260 307 2303 non
331 2241 388 2303 est.

437 2430 705 2497 Corollarium.

129 2558 204 2622 hInc
227 2557 438 2622 manifestum
457 2560 516 2641 est,
539 2560 611 2620 ZH
625 2557 819 2620 diametrum
839 2577 908 2620 esse
928 2555 1080 2620 sectionis

62 2669 96 2728 A
102 2668 167 2727 ΖΕ
189 2663 265 2744 [def.
283 2666 318 2745 4]
325 2715 334 2746 ,
358 2664 509 2747 quoniam
534 2666 640 2726 rectas
663 2666 771 2726 rectae
795 2662 893 2726 alicui
917 2665 987 2725 ΔΕ
1007 2684 1081 2746 par·
1161 2747 1163 2751 Ι

63 2770 176 2834 allelas
204 2770 317 2834 ductas
340 2770 376 2833 in
400 2769 493 2832 binas
516 2771 636 2852 partes.
652 2768 800 2851 aequales
824 2771 926 2853 secat,
954 2771 987 2832 et
1009 2769 1081 2833 fieri

63 2898 175 2960 posse,
203 2879 239 2940 ut
266 2875 442 2959 parallelae
470 2897 489 2938 a
517 2875 675 2939 diametro
700 2877 772 2937 ZH
794 2875 828 2938 in
852 2873 944 2940 binas
970 2879 1080 2959 partes

63 2982 213 3065 aequales
237 2986 393 3067 secentur,
417 2982 516 3046 etiam
540 2981 566 3046 si
587 2981 627 3045 ad
647 2982 784 3067 angulos
803 2985 909 3048 rectos
928 3004 994 3048 non
1012 2984 1080 3048 fiat.

525 3175 617 3242 VIII.

131 3297 165 3364 Si
194 3320 293 3363 conus
322 3321 380 3384 per
409 3322 503 3364 axem
531 3301 629 3384 plano
658 3306 786 3366 secatur
809 3305 841 3365 et
865 3301 928 3366 alio
953 3323 1080 3386 quoque

61 3406 160 3490 plano
181 3409 318 3488 secatur,
338 3406 423 3490 quod
442 3406 547 3470 basim
566 3407 639 3472 coni
658 3407 832 3472 secundum
851 3409 972 3471 rectam
992 3410 1081 3471 secat

64 3510 105 3575 ad
133 3511 239 3576 basim
267 3511 427 3596 trianguli
454 3532 511 3595 per
534 3534 626 3577 axem
649 3514 750 3595 positi
773 3512 1080 3597 perpendicularem,
