2446 3916
84 140 220 217 '210
303 251 309 263 ι
423 94 468 173 Ῐ·
551 98 826 229 κοχττοειχ·.”

96 352 104 365 .
153 292 286 362 λοιπὸν
297 292 336 363 τὸ
360 291 427 363 ὑπὸ
452 302 554 363 ΔΑΖ
577 276 736 381 ἐστιν,
713 323 760 377 ως
781 297 819 364 τὸ
844 293 911 364 ἀπὸ
934 303 1009 365 ΕΗ
1027 295 1115 387 πρὸς
1135 324 1174 367 το

152 397 218 470 ἀπὸ
234 408 318 486 HA,
340 403 491 470 τουτέστι
513 400 552 469 τὸ
573 400 638 470 ἀπὸ
654 409 717 470 ΕΒ
739 399 823 489 πρὸς
840 400 878 471 τὸ
897 398 964 471 αἰπὸ
979 409 1058 471 BK.
1096 412 1173 473 ίσον

151 507 280 597 ἄρατὸ
303 507 369 578 ὑπὸ
394 516 498 576 ΖΑΔ
519 512 565 636 τχό
589 506 656 576 ἀπὸ
681 514 813 635 ΒΚ.

70 729 226 790 ·6BA.
264 730 340 790 ίσον
364 720 456 790 δέ
424 748 462 789 το
487 745 552 789 απο
571 723 638 789 ΚΒ
661 725 707 814 τῷ
732 720 798 789 απο
817 728 894 789 BA
928 729 1020 790 ίσον’
1029 721 1172 811 Βρασιαὶ

151 828 189 898 τὸ
213 825 280 897 ὑπὸ
304 835 408 896 ΖΑΔ
430 832 475 918 τῷ
499 825 564 895 ὑπὸ
590 834 694 944 ΖΓΔ.

481 1114 487 1125 .
630 1087 687 1126 ια.

214 1180 331 1252 'mv‘
315 1184 472 1267 εκατέραν
491 1194 560 1251 τῶν
579 1192 809 1270 περιεχουσῶν
828 1182 890 1270 τὴν
910 1186 1028 1270 ἐφεξῆς
1042 1190 1169 1270 γωνίαν

108 1301 208 1378 ’τῆς
226 1289 445 1378 περιεχούσης
452 1288 524 1415 ’τὴν
543 1286 736 1378 ὑπερβολὴν
749 1290 852 1381 τέμνχχ
867 1315 917 1370 τις
935 1275 1067 1376 εὐθεῖα,
1091 1311 1168 1379 συμ-

97 1416 131 1466 10
150 1410 297 1466 πεσεῖται
318 1400 358 1485 τχ”
382 1399 466 1486 τομῇ
489 1393 570 1464 καθ’
592 1399 630 1463 ἓν
649 1395 761 1483 μόνον
776 1409 927 1482 σημεῖον,
950 1395 1059 1464 καὶ
1025 1424 1063 1465 το
1075 1414 1168 1483 περι-

94 1526 96 1530 ’
150 1503 311 1591 εχόμενον
335 1501 401 1571 ὑπὸ
425 1497 493 1570 τῶν
516 1501 849 1589 ἀπολαμβανομένων
873 1500 1023 1585 εὐθειῶν
1047 1503 1167 1619 μεταξὺ
1188 1544 1191 1549 -

148 1615 218 1679 τῶν
236 1615 463 1700 περιεχουσῶν
482 1610 538 1676 καὶ
556 1614 615 1695 τῆς
632 1613 737 1695 τομῆς
760 1618 836 1677 ίσον
856 1613 1006 1685 έ”σται
960 1637 1006 1701 τχο
1023 1611 1166 1702 τετάρτῳ

148 1718 241 1804 μέρει
260 1727 321 1784 τοῦ
340 1714 406 1784 ιἰπὸ
420 1720 479 1803 τῆς
492 1717 639 1802 ηχμένης
654 1717 834 1803 διαμέτρου
848 1718 937 1804 παρὰ
950 1714 1014 1849 τὴν
1032 1718 1167 1805 τέμνου-

18 1908 25 1921 .
150 1842 214 1890 σαν
238 1821 386 1890 εὐθεῖαν.

36 1924 43 1935 ’
98 1946 130 1996 15
218 1933 313 1996 ἔστω
324 1917 558 2055 ὑπερβολή,
537 1953 577 2011 ης
605 1924 817 2013 ἀσύμπτωτοι
844 1955 878 1994 αι
871 1932 977 2015 FA,
997 1938 1084 2016 AA,
1113 1932 1167 1998 καὶ

64 2060 69 2068 ·
149 2030 408 2120 ἐκβεβλήσθω
387 2060 408 2120 η
434 2040 504 2100 ΔΑ
531 2031 641 2100 ἐπὶ
609 2059 647 2100 το
670 2040 715 2118 Ε,
742 2034 797 2100 καὶ
827 2035 884 2101 διαί
907 2061 999 2114 τινος
1027 2044 1167 2141 σημείου

147 2143 209 2210 τοῦ
234 2148 265 2206 Ε
287 2137 458 2272 διχ’,ς“χθω
441 2167 461 2227 η
487 2146 550 2206 ΒΖ
572 2141 752 2240 τέμνουσα
761 2141 820 2220 τὰς
844 2133 920 2224 EA,
939 2147 1012 2209 ΑΓ.

30 2288 34 2295 -
145 2279 148 2283 ’
216 2245 267 2315 ὅτι
300 2273 361 2334 μεν
390 2274 453 2315 ουν
482 2253 660 2334 συμπίπτει
691 2250 731 2334 τῆ
759 2251 844 2334 τομῇ
876 2244 955 2314 καθ’
987 2251 1025 2317 ἓν
1057 2252 1167 2336 μόνον

148 2368 300 2487 σημεῖρν,
317 2353 479 2484 φανερόν·
504 2351 525 2440 ἡ
544 2355 609 2441 χίιρ
625 2351 681 2420 διὰ
697 2379 757 2420 του
743 2358 804 2419 A
822 2381 861 2441 τη
847 2357 939 2420 ΒΖ
954 2355 1177 2442 παράλληλος’

95 2478 129 2526 20
148 2459 296 2548 αχομένη
326 2458 370 2541 ὡς
396 2459 417 2548 ἡ
442 2468 507 2527 AB
534 2474 627 2547 τεμεῖ
652 2459 714 2544 τὴν
737 2456 803 2527 ὑπὸ
829 2466 928 2527 ΓΑΔ
957 2468 1087 2547 γωνίαν
1111 2462 1165 2530 καὶ

148 2582 362 2655 συμπεσεῖται
380 2572 420 2654 τῆ
439 2595 523 2654 τομη
509 2566 598 2633 καὶ
618 2568 794 2651 διάμετρος
812 2562 914 2653 αὐτῆς
933 2566 1077 2635 ἔσται
1062 2597 1082 2655 η
1103 2576 1165 2636 ΕΖ
1196 2616 1200 2623 -

20 2738 23 2745 ,
148 2673 214 2769 ἄρα
238 2689 453 2763 συμπεσεῖται
476 2679 515 2761 τῇ
539 2699 623 2798 τομη
647 2667 726 2740 καθ’
749 2676 786 2740 ἓν
809 2672 920 2760 μόνον
944 2684 1094 2760 σημεῖον.

214 2784 424 2867 συμπιπτέτω
448 2780 530 2848 κατὰ
554 2778 591 2847 τὸ
616 2786 659 2847 Η.
1116 2790 1121 2797 ’

113 2878 118 2887 ’
214 2889 299 2973 λέγω
324 2885 421 2970 δίχ’
402 2913 453 2954 οτι
477 2884 587 2953 καὶ
555 2913 593 2953 το
616 2882 683 2952 ὑπὸ
706 2912 774 2952 των
799 2893 935 2972 ΕΗΖί
935 2897 1000 2954 σον
1024 2869 1095 2956 έστὶ
1117 2893 1163 2981 τῷ

94 3008 127 3056 25
147 2988 212 3059 ἀπὸ
237 2996 295 3077 τῆς
318 2998 392 3059 ΑΒ.
749 3048 751 3050 ,
805 3019 807 3023 ·

214 3096 309 3184 ἤχθω
329 3096 393 3185 γὰρ
414 3095 470 3164 διὰ
488 3101 549 3164 τοῦ
564 3105 601 3164 Η
616 3088 822 3183 τεταγμένως
840 3095 860 3184 ἡ
876 3106 980 3166 ΘΗΛ
986 3104 1019 3186 K
1024 3122 1031 3136 ·
1056 3098 1077 3186 ἡ
1096 3099 1163 3188 ἄρα

121 3188 126 3199 ’
147 3202 204 3271 διὰ
226 3209 288 3271 τοῦ
307 3212 335 3271 Β
360 3204 572 3289 ἐφαπτομένη
591 3203 801 3292 παράλληλός
821 3206 889 3271 ἐστι
908 3210 947 3294 τῇ
967 3212 1043 3274 ΗΘ.
1078 3212 1162 3274 ἔστω

157 3490 161 3497 ,
218 3435 313 3506 4τω]
333 3451 408 3502 cvp
433 3449 501 3488 corr.
522 3451 555 3488 ex
574 3454 605 3488 το
629 3452 666 3488 m.
688 3434 755 3487 1Β.
834 3440 858 3488 5
883 3439 934 3488 BA
953 3436 1045 3490 law?
1119 3441 1161 3490 1⁵.

143 3507 303 3578 AA,]cvp
322 3522 391 3560 corr.
406 3521 440 3559 ex
459 3508 509 3559 ΓΔ
528 3524 564 3560 m.
582 3505 649 3560 1Β.
723 3511 764 3560 24.
785 3503 834 3576 δή]
854 3504 887 3560 δε
905 3505 944 3574 Β,
964 3522 1032 3560 corr.
1052 3505 1161 3576 Haney.
