2438 3892
449 98 790 222 comc'onuunmun
807 146 829 198 1.
1082 142 1147 210 119

126 286 201 353 siue
224 288 429 367 ΖΘΧΘΗ
447 287 488 352 ad
511 285 591 352 ΘΕ2
615 287 776 352 rationem
798 288 926 367 hebeat,
949 310 1049 372 quam
1065 289 1146 353 dixi·

104 414 220 481 ,mus;
242 415 260 458 e
282 393 559 482 contrario-enim
582 394 864 499 demonstrabitur.

562 606 713 672 XXXIX.

108 836 112 841 ·
188 744 233 811 'Si
256 750 346 813 rectu
367 747 580 834 hyperbolem
601 750 653 813 uel
673 749 813 834 ellipsim
832 750 885 814 uel
905 748 1065 814 ambitum
1085 748 1146 812 cir-

127 853 195 919 culi
217 854 415 941 contingens
444 877 517 920 cum
541 856 697 921 diametro
721 857 897 939 concurrit,
926 859 959 920 et
982 879 1002 920 a
1024 840 1144 947 puncto

125 963 299 1025 contactus
324 961 364 1025 ad
388 960 582 1026 diametrum
606 965 695 1027 recta
718 961 864 1026 ordinate
889 961 1031 1046 ducitur,
1057 965 1146 1025 utra-

125 1082 257 1151 cunque
280 1069 369 1147 'recta
392 1071 523 1152 sumpta
546 1068 617 1153 erit,
641 1072 697 1132 aut
717 1090 798 1152 quae
816 1069 903 1151 inter
920 1071 1042 1133 rectam
1062 1066 1167 1132 ordi-⁸

88 1240 92 1247 ,
126 1176 206 1238 nate
225 1172 355 1238 ductam
374 1178 583 1259 centrumque
602 1175 754 1239 sectionis
772 1158 882 1260 posite
901 1178 960 1258 est,
985 1177 1041 1239 cut
1061 1194 1144 1258 quae

124 1278 215 1344 inter
233 1278 381 1345 ordinate
399 1280 530 1346 ductam
549 1282 876 1367 contingentemque¹
887 1284 976 1344 recta
995 1279 1144 1345 ordinate

125 1384 226 1451 ducta
256 1385 298 1450 ad
331 1408 402 1451 eom
434 1386 595 1453 rationem
611 1387 758 1452 ‘habebit
786 1387 1001 1471 compositam
1024 1408 1068 1471 ¹en
1096 1407 1145 1465 ea,

125 1512 227 1577 quam
248 1492 354 1558 habet¹
370 1493 474 1558 altera
496 1497 659 1558 rectarum
682 1493 812 1558 illarum
837 1493 877 1557 ad
901 1491 1047 1557 ordinate
1069 1491 1144 1556 duc·

124 1600 205 1676 tum,
223 1619 334 1685 ecque,
353 1612 451 1684 quom
469 1598 570 1663 habet
583 1582 675 1665 ‘latus
693 1602 818 1664 rectum
837 1598 961 1684 figuras
981 1596 1021 1661 ad
1039 1600 1145 1661 trans·
1196 1650 1199 1657 .

80 1778 84 1791 ‚
113 1726 268 1771 uersum.
931 1692 935 1699 ’
1086 1712 1089 1717 “

194 1812 240 1877 sit
260 1810 442 1897 hyperbole
459 1812 511 1878 uel
530 1811 654 1895 ellipsis
673 1812 726 1875 uel
746 1810 889 1876 ambitus
909 1809 1029 1893 circuli,
1052 1809 1142 1876 cuius

125 1918 306 1985 diametrus
327 1919 371 1983 sit
388 1922 465 2003 AB,
487 1921 635 1983 centrum
655 1922 763 1982 autem
783 1918 850 1982 eius
870 1918 915 1982 sit
933 1922 970 1998 Z,
993 1920 1027 1982 et
1046 1916 1143 1982 duca-

124 2029 181 2091 tur
198 2024 377 2091 sectionem
394 2025 586 2110 contingens
602 2027 678 2109 ΓΔ,
696 2024 905 2109 ¹ordinateque
920 2024 1057 2089 ducatur
1071 2027 1143 2089 ΓΕ.

112 2164 1181 2659 A

327 2703 364 2750 A

185 2754 522 2776 b-——q

123 2831 213 2915 dico,
240 2832 306 2896 ΓΕ
327 2831 368 2896 ad
391 2832 579 2897 alterutram
602 2833 763 2897 rectarum
788 2835 862 2916 ZE,
890 2836 959 2897 EA
981 2812 1156 2927 rationem

123 2937 247 3003 habere
274 2939 490 3023 compositum
517 2960 556 3002 ex
585 2962 636 3022 ea,
664 2961 761 3024 quam
785 2938 884 3003 habet
908 2940 993 3005 letus
1017 2947 1142 3006 rectum

124 3043 168 3109 nd
180 3048 412 3123 transuersum,
425 3058 537 3129 eaque,
552 3067 650 3130 quem
664 3046 764 3110 habet
779 3045 882 3110 altera
896 3050 1056 3112 rectarum
1071 3051 1142 3133 ZE,

126 3154 197 3215 EA
219 3149 261 3215 ud
285 3152 354 3215 ΕΓ.

194 3255 238 3321 sit
262 3255 352 3319 enim
367 3260 432 3320 ΖΕ
445 3271 488 3325 ><
502 3262 571 3326 EA
586 3288 628 3310 =
643 3262 709 3322 ΕΓ
719 3273 762 3326 ><
777 3262 819 3323 H.
861 3219 894 3323 et
916 3261 1069 3345 quoniam
1092 3264 1142 3324 est

106 3364 234 3447 .[prop.
252 3359 435 3443 XXXVH],
458 3367 495 3426 ut
513 3363 581 3428 ΖΕ
592 3378 635 3432 ><
650 3369 740 3429 EA:
755 3362 844 3451 rm,
863 3366 910 3430 ita
929 3366 1015 3472 lutus
1035 3369 1141 3429 trans·

125 3489 258 3535 uersum
287 3466 327 3532 ad
354 3473 493 3554 rectum,
520 3475 553 3534 et
580 3474 645 3535 ZE
662 3485 705 3539 ><
725 3475 795 3535 EA
809 3502 850 3525 =
866 3473 933 3538 ΓΕ
945 3486 988 3540 ><
1003 3475 1050 3556 H,
1080 3473 1147 3536 erit·
