<?xml version="1.0" encoding="UTF-8"?>
<!DOCTYPE html PUBLIC "-//W3C//DTD XHTML 1.0 Transitional//EN"
    "http://www.w3.org/TR/xhtml1/DTD/xhtml1-transitional.dtd">
<html xmlns="http://www.w3.org/1999/xhtml" xml:lang="en" lang="en">
 <head>
  <title>
</title>
<meta http-equiv="Content-Type" content="text/html;charset=utf-8" />
  <meta name='ocr-system' content='tesseract 3.04.00' />
  <meta name='ocr-capabilities' content='ocr_page ocr_carea ocr_par ocr_line ocrx_word'/>
</head>
<body>
  <div class='ocr_page' id='page_1' title='image "./apolloniipergae00apolgoog_0278.png"; bbox 0 0 2438 3892; ppageno 0'>
   <div class='ocr_carea' id='block_1_1' title="bbox 129 151 754 226">
    <p class='ocr_par' dir='ltr' id='par_1_1' title="bbox 129 151 754 226">
     <span class='ocr_line' id='line_1_1' title="bbox 129 151 754 226; baseline -0.01 -10"><span class='ocrx_word' id='word_1_1' title='bbox 129 154 196 216; x_wconf 82' lang='grc'><strong><em>254</em></strong></span> <span class='ocrx_word' id='word_1_2' title='bbox 529 155 695 209; x_wconf 66' lang='lat' dir='ltr'><strong><em>mmm</em></strong></span> <span class='ocrx_word' id='word_1_3' title='bbox 715 151 754 226; x_wconf 81' lang='grc' dir='ltr'><strong><em>β’.</em></strong></span> 
     </span>
    </p>
   </div>
   <div class='ocr_carea' id='block_1_2' title="bbox 128 293 1138 489">
    <p class='ocr_par' dir='ltr' id='par_1_2' title="bbox 128 293 1138 489">
     <span class='ocr_line' id='line_1_2' title="bbox 128 293 1138 386; baseline 0.004 -24"><span class='ocrx_word' id='word_1_4' title='bbox 128 293 148 382; x_wconf 84' lang='grc' dir='ltr'><strong><em>ή</em></strong></span> <span class='ocrx_word' id='word_1_5' title='bbox 173 303 237 363; x_wconf 80' lang='grc' dir='ltr'><strong><em>ΕΘ</em></strong></span> <span class='ocrx_word' id='word_1_6' title='bbox 264 300 304 385; x_wconf 81' lang='grc' dir='ltr'><strong><em>τῇ</em></strong></span> <span class='ocrx_word' id='word_1_7' title='bbox 328 302 390 362; x_wconf 80' lang='grc' dir='ltr'><strong><em>ΘΖ</em></strong></span> <span class='ocrx_word' id='word_1_8' title='bbox 418 298 509 363; x_wconf 82' lang='grc' dir='ltr'><strong><em>ἐστιν</em></strong></span> <span class='ocrx_word' id='word_1_9' title='bbox 533 304 598 382; x_wconf 94' lang='grc' dir='ltr'><strong><em>ἴση.</em></strong></span> <span class='ocrx_word' id='word_1_10' title='bbox 645 294 706 363; x_wconf 87' lang='grc' dir='ltr'><strong><em>οὐκ</em></strong></span> <span class='ocrx_word' id='word_1_11' title='bbox 733 294 800 382; x_wconf 85' lang='grc' dir='ltr'><strong><em>ἀρα</em></strong></span> <span class='ocrx_word' id='word_1_12' title='bbox 826 293 848 382; x_wconf 84' lang='grc' dir='ltr'><strong><em>ή</em></strong></span> <span class='ocrx_word' id='word_1_13' title='bbox 873 302 948 364; x_wconf 88' lang='grc' dir='ltr'><strong><em>ΗΚ</em></strong></span> <span class='ocrx_word' id='word_1_14' title='bbox 973 296 1138 386; x_wconf 76' lang='grc' dir='ltr'><strong><em>διάμετρός</em></strong></span> 
     </span>
     <span class='ocr_line' id='line_1_3' title="bbox 130 399 819 489; baseline -0.001 -19"><span class='ocrx_word' id='word_1_15' title='bbox 130 405 199 472; x_wconf 87' lang='grc' dir='ltr'><strong><em>ἐστι</em></strong></span> <span class='ocrx_word' id='word_1_16' title='bbox 222 406 290 470; x_wconf 80' lang='grc' dir='ltr'><strong><em>τῶν</em></strong></span> <span class='ocrx_word' id='word_1_17' title='bbox 313 399 561 488; x_wconf 94' lang='grc' dir='ltr'><strong><em>ἀντικειμένων.</em></strong></span> <span class='ocrx_word' id='word_1_18' title='bbox 607 399 627 488; x_wconf 86' lang='grc' dir='ltr'><strong><em>ή</em></strong></span> <span class='ocrx_word' id='word_1_19' title='bbox 652 409 721 469; x_wconf 82' lang='grc' dir='ltr'><strong><em>ΗΘ</em></strong></span> <span class='ocrx_word' id='word_1_20' title='bbox 744 400 819 489; x_wconf 86' lang='grc' dir='ltr'><strong><em>ἀρα.</em></strong></span> 
     </span>
    </p>
   </div>
   <div class='ocr_carea' id='block_1_3' title="bbox 71 595 1134 2834">
    <p class='ocr_par' dir='ltr' id='par_1_3' title="bbox 71 595 1134 2834">
     <span class='ocr_line' id='line_1_4' title="bbox 609 595 668 678; baseline 0.034 -14"><span class='ocrx_word' id='word_1_21' title='bbox 609 595 668 678; x_wconf 71' lang='grc' dir='ltr'><strong><em>λζ’.</em></strong></span> 
     </span>
     <span class='ocr_line' id='line_1_5' title="bbox 193 718 1134 809; baseline 0 -20"><span class='ocrx_word' id='word_1_22' title='bbox 193 719 272 789; x_wconf 83' lang='grc' dir='ltr'><strong><em>Ἐἀν</em></strong></span> <span class='ocrx_word' id='word_1_23' title='bbox 290 722 519 807; x_wconf 76' lang='grc' dir='ltr'><strong><em>ἀντικειμένας</em></strong></span> <span class='ocrx_word' id='word_1_24' title='bbox 533 720 651 789; x_wconf 81' lang='grc' dir='ltr'><strong><em>εὐθεῖα</em></strong></span> <span class='ocrx_word' id='word_1_25' title='bbox 668 722 771 809; x_wconf 86' lang='grc' dir='ltr'><strong><em>τέμνη</em></strong></span> <span class='ocrx_word' id='word_1_26' title='bbox 786 718 831 807; x_wconf 84' lang='grc' dir='ltr'><strong><em>μή</em></strong></span> <span class='ocrx_word' id='word_1_27' title='bbox 846 719 904 788; x_wconf 74' lang='grc' dir='ltr'><strong><em>θιά</em></strong></span> <span class='ocrx_word' id='word_1_28' title='bbox 917 731 981 788; x_wconf 87' lang='grc' dir='ltr'><strong><em>τοῦ</em></strong></span> <span class='ocrx_word' id='word_1_29' title='bbox 995 722 1134 808; x_wconf 84' lang='grc' dir='ltr'><strong><em>κέντρον,</em></strong></span> 
     </span>
     <span class='ocr_line' id='line_1_6' title="bbox 93 824 1133 915; baseline 0.005 -24"><span class='ocrx_word' id='word_1_30' title='bbox 93 842 109 891; x_wconf 78' lang='lat'>5</span> <span class='ocrx_word' id='word_1_31' title='bbox 128 826 149 914; x_wconf 79' lang='grc' dir='ltr'><em>ἡ</em></span> <span class='ocrx_word' id='word_1_32' title='bbox 174 826 239 896; x_wconf 86' lang='grc' dir='ltr'><strong><em>ἀπὸ</em></strong></span> <span class='ocrx_word' id='word_1_33' title='bbox 261 832 320 914; x_wconf 78' lang='grc' dir='ltr'><strong><em>τῆς</em></strong></span> <span class='ocrx_word' id='word_1_34' title='bbox 344 832 536 914; x_wconf 80' lang='grc' dir='ltr'><strong><em>διχοτομίας</em></strong></span> <span class='ocrx_word' id='word_1_35' title='bbox 555 824 657 912; x_wconf 78' lang='grc' dir='ltr'><strong><em>αὐτῆς</em></strong></span> <span class='ocrx_word' id='word_1_36' title='bbox 675 826 728 894; x_wconf 84' lang='grc' dir='ltr'><strong><em>ἐπὶ</em></strong></span> <span class='ocrx_word' id='word_1_37' title='bbox 746 826 784 894; x_wconf 83' lang='grc' dir='ltr'><strong><em>τὸ</em></strong></span> <span class='ocrx_word' id='word_1_38' title='bbox 800 830 941 915; x_wconf 79' lang='grc' dir='ltr'><strong><em>κέντρον</em></strong></span> <span class='ocrx_word' id='word_1_39' title='bbox 957 829 1133 915; x_wconf 82' lang='grc' dir='ltr'><strong><em>ἐπιζευγνν</em></strong></span> 
     </span>
     <span class='ocr_line' id='line_1_7' title="bbox 128 931 1131 1022; baseline 0 -20"><span class='ocrx_word' id='word_1_40' title='bbox 128 937 211 1022; x_wconf 90' lang='grc' dir='ltr'><strong><em>μένη</em></strong></span> <span class='ocrx_word' id='word_1_41' title='bbox 246 933 424 1021; x_wconf 76' lang='grc' dir='ltr'><strong><em>διάμετρός</em></strong></span> <span class='ocrx_word' id='word_1_42' title='bbox 452 936 522 1002; x_wconf 83' lang='grc' dir='ltr'><strong><em>ἐστι</em></strong></span> <span class='ocrx_word' id='word_1_43' title='bbox 553 937 623 1000; x_wconf 78' lang='grc' dir='ltr'><strong><em>τῶν</em></strong></span> <span class='ocrx_word' id='word_1_44' title='bbox 655 931 895 1020; x_wconf 81' lang='grc' dir='ltr'><strong><em>ἀντικειμένων</em></strong></span> <span class='ocrx_word' id='word_1_45' title='bbox 928 931 949 1021; x_wconf 85' lang='grc' dir='ltr'><strong><em>ή</em></strong></span> <span class='ocrx_word' id='word_1_46' title='bbox 983 937 1131 1020; x_wconf 79' lang='grc' dir='ltr'><strong><em>λεγομένη</em></strong></span> 
     </span>
     <span class='ocr_line' id='line_1_8' title="bbox 128 1037 1132 1129; baseline -0.001 -21"><span class='ocrx_word' id='word_1_47' title='bbox 128 1038 247 1127; x_wconf 84' lang='grc' dir='ltr'><strong><em>ὀρθία,</em></strong></span> <span class='ocrx_word' id='word_1_48' title='bbox 279 1046 403 1125; x_wconf 90' lang='grc' dir='ltr'><strong><em>πλαγία</em></strong></span> <span class='ocrx_word' id='word_1_49' title='bbox 432 1040 469 1108; x_wconf 73' lang='grc' dir='ltr'><strong><em>δὲ</em></strong></span> <span class='ocrx_word' id='word_1_50' title='bbox 497 1037 640 1125; x_wconf 84' lang='grc' dir='ltr'><strong><em>συζυγής</em></strong></span> <span class='ocrx_word' id='word_1_51' title='bbox 667 1038 752 1129; x_wconf 80' lang='grc' dir='ltr'><strong><em>αὐτῇ</em></strong></span> <span class='ocrx_word' id='word_1_52' title='bbox 780 1037 800 1126; x_wconf 88' lang='grc' dir='ltr'><strong><em>ή</em></strong></span> <span class='ocrx_word' id='word_1_53' title='bbox 830 1039 895 1109; x_wconf 89' lang='grc' dir='ltr'><strong><em>ἀπὸ</em></strong></span> <span class='ocrx_word' id='word_1_54' title='bbox 920 1044 983 1110; x_wconf 82' lang='grc' dir='ltr'><strong><em>τοῦ</em></strong></span> <span class='ocrx_word' id='word_1_55' title='bbox 1005 1043 1132 1126; x_wconf 90' lang='grc' dir='ltr'><strong><em>κέντρου</em></strong></span> 
     </span>
     <span class='ocr_line' id='line_1_9' title="bbox 127 1144 891 1235; baseline 0.004 -22"><span class='ocrx_word' id='word_1_56' title='bbox 127 1144 275 1233; x_wconf 81' lang='grc' dir='ltr'><strong><em>ἀγομένη</em></strong></span> <span class='ocrx_word' id='word_1_57' title='bbox 299 1146 509 1232; x_wconf 86' lang='grc' dir='ltr'><strong><em>παράλληλος</em></strong></span> <span class='ocrx_word' id='word_1_58' title='bbox 531 1150 572 1234; x_wconf 77' lang='grc' dir='ltr'><strong><em>τῇ</em></strong></span> <span class='ocrx_word' id='word_1_59' title='bbox 596 1149 673 1233; x_wconf 78' lang='grc' dir='ltr'><strong><em>δίχα</em></strong></span> <span class='ocrx_word' id='word_1_60' title='bbox 694 1148 891 1235; x_wconf 89' lang='grc' dir='ltr'><strong><em>τεμνομένη.</em></strong></span> 
     </span>
     <span class='ocr_line' id='line_1_10' title="bbox 195 1252 1129 1339; baseline 0.001 -20"><span class='ocrx_word' id='word_1_61' title='bbox 195 1258 344 1320; x_wconf 78' lang='grc' dir='ltr'><strong><em>ἔστωσαν</em></strong></span> <span class='ocrx_word' id='word_1_62' title='bbox 368 1252 593 1338; x_wconf 80' lang='grc' dir='ltr'><strong><em>ἀντικείμενοι</em></strong></span> <span class='ocrx_word' id='word_1_63' title='bbox 614 1252 713 1338; x_wconf 83' lang='grc' dir='ltr'><strong><em>τομαὶ</em></strong></span> <span class='ocrx_word' id='word_1_64' title='bbox 733 1255 771 1319; x_wconf 84' lang='grc' dir='ltr'><strong><em>αἴ</em></strong></span> <span class='ocrx_word' id='word_1_65' title='bbox 788 1261 829 1338; x_wconf 84' lang='grc' dir='ltr'><strong><em>Α,</em></strong></span> <span class='ocrx_word' id='word_1_66' title='bbox 843 1260 882 1339; x_wconf 88' lang='grc' dir='ltr'><strong><em>Β,</em></strong></span> <span class='ocrx_word' id='word_1_67' title='bbox 906 1254 963 1321; x_wconf 83' lang='grc' dir='ltr'><strong><em>καὶ</em></strong></span> <span class='ocrx_word' id='word_1_68' title='bbox 982 1253 1041 1335; x_wconf 84' lang='grc' dir='ltr'><strong><em>τὰς</em></strong></span> <span class='ocrx_word' id='word_1_69' title='bbox 1058 1259 1129 1339; x_wconf 84' lang='grc' dir='ltr'><strong><em>Α,Β</em></strong></span> 
     </span>
     <span class='ocr_line' id='line_1_11' title="bbox 75 1353 1130 1448; baseline 0.003 -27"><span class='ocrx_word' id='word_1_70' title='bbox 75 1372 108 1421; x_wconf 88' lang='grc'><strong><em>10</em></strong></span> <span class='ocrx_word' id='word_1_71' title='bbox 126 1361 269 1446; x_wconf 85' lang='grc' dir='ltr'><strong><em>τεμνέτω</em></strong></span> <span class='ocrx_word' id='word_1_72' title='bbox 293 1387 343 1439; x_wconf 85' lang='grc' dir='ltr'><strong><em>τις</em></strong></span> <span class='ocrx_word' id='word_1_73' title='bbox 371 1361 488 1427; x_wconf 75' lang='grc' dir='ltr'><strong><em>εὐθεῖα</em></strong></span> <span class='ocrx_word' id='word_1_74' title='bbox 515 1357 535 1444; x_wconf 78' lang='grc' dir='ltr'><em>ἡ</em></span> <span class='ocrx_word' id='word_1_75' title='bbox 560 1364 621 1425; x_wconf 84' lang='grc' dir='ltr'><strong><em>ΓΛ</em></strong></span> <span class='ocrx_word' id='word_1_76' title='bbox 650 1357 695 1445; x_wconf 85' lang='grc' dir='ltr'><strong><em>μή</em></strong></span> <span class='ocrx_word' id='word_1_77' title='bbox 725 1356 780 1425; x_wconf 80' lang='grc' dir='ltr'><strong><em>θιά</em></strong></span> <span class='ocrx_word' id='word_1_78' title='bbox 808 1362 869 1426; x_wconf 83' lang='grc' dir='ltr'><strong><em>τοῦ</em></strong></span> <span class='ocrx_word' id='word_1_79' title='bbox 892 1360 1037 1448; x_wconf 85' lang='grc' dir='ltr'><strong><em>κέντρου</em></strong></span> <span class='ocrx_word' id='word_1_80' title='bbox 1059 1353 1130 1428; x_wconf 81' lang='grc' dir='ltr'><strong><em>οὖσα</em></strong></span> 
     </span>
     <span class='ocr_line' id='line_1_12' title="bbox 126 1465 706 1563; baseline 0.002 -31"><span class='ocrx_word' id='word_1_81' title='bbox 126 1468 182 1534; x_wconf 88' lang='grc' dir='ltr'><strong><em>καῖ</em></strong></span> <span class='ocrx_word' id='word_1_82' title='bbox 204 1466 380 1554; x_wconf 75' lang='grc' dir='ltr'><strong><em>τετμήσθω</em></strong></span> <span class='ocrx_word' id='word_1_83' title='bbox 405 1472 481 1553; x_wconf 75' lang='grc' dir='ltr'><strong><em>δίχα</em></strong></span> <span class='ocrx_word' id='word_1_84' title='bbox 499 1465 583 1534; x_wconf 87' lang='grc' dir='ltr'><strong><em>κατά</em></strong></span> <span class='ocrx_word' id='word_1_85' title='bbox 670 1509 706 1563; x_wconf 68' lang='lat' dir='ltr'><em>p</em></span> 
     </span>
     <span class='ocr_line' id='line_1_13' title="bbox 125 1572 582 1660; baseline 0.002 -20"><span class='ocrx_word' id='word_1_86' title='bbox 125 1572 163 1640; x_wconf 89' lang='grc' dir='ltr'><strong><em>τὸ</em></strong></span> <span class='ocrx_word' id='word_1_87' title='bbox 178 1581 219 1659; x_wconf 87' lang='grc' dir='ltr'><strong><em>Ε,</em></strong></span> <span class='ocrx_word' id='word_1_88' title='bbox 238 1572 344 1640; x_wconf 83' lang='grc' dir='ltr'><strong><em>καὶτὸ</em></strong></span> <span class='ocrx_word' id='word_1_89' title='bbox 359 1574 500 1660; x_wconf 79' lang='grc' dir='ltr'><strong><em>κέντρον</em></strong></span> <span class='ocrx_word' id='word_1_90' title='bbox 513 1577 582 1642; x_wconf 77' lang='grc' dir='ltr'><strong><em>τῶν</em></strong></span> 
     </span>
     <span class='ocr_line' id='line_1_14' title="bbox 125 1679 582 1767; baseline 0.007 -22"><span class='ocrx_word' id='word_1_91' title='bbox 125 1684 239 1767; x_wconf 80' lang='grc' dir='ltr'><strong><em>τομῶν</em></strong></span> <span class='ocrx_word' id='word_1_92' title='bbox 249 1685 332 1747; x_wconf 89' lang='grc' dir='ltr'><strong><em>έστω</em></strong></span> <span class='ocrx_word' id='word_1_93' title='bbox 343 1680 381 1747; x_wconf 89' lang='grc' dir='ltr'><strong><em>τὸ</em></strong></span> <span class='ocrx_word' id='word_1_94' title='bbox 393 1688 433 1765; x_wconf 88' lang='grc' dir='ltr'><strong><em>Χ,</em></strong></span> <span class='ocrx_word' id='word_1_95' title='bbox 447 1679 503 1747; x_wconf 88' lang='grc' dir='ltr'><strong><em>καῖ</em></strong></span> <span class='ocrx_word' id='word_1_96' title='bbox 513 1682 582 1747; x_wconf 86' lang='grc' dir='ltr'><strong><em>ἐπε-</em></strong></span> 
     </span>
     <span class='ocr_line' id='line_1_15' title="bbox 128 1783 659 1904; baseline 0 -53"><span class='ocrx_word' id='word_1_97' title='bbox 128 1785 256 1871; x_wconf 84' lang='grc' dir='ltr'><strong><em>ζεύχθω</em></strong></span> <span class='ocrx_word' id='word_1_98' title='bbox 285 1783 306 1869; x_wconf 81' lang='grc' dir='ltr'><em>ἡ</em></span> <span class='ocrx_word' id='word_1_99' title='bbox 331 1792 409 1869; x_wconf 83' lang='grc' dir='ltr'><strong><em>ΧΕ,</em></strong></span> <span class='ocrx_word' id='word_1_100' title='bbox 441 1786 497 1851; x_wconf 85' lang='grc' dir='ltr'><strong><em>καὶ</em></strong></span> <span class='ocrx_word' id='word_1_101' title='bbox 526 1784 581 1852; x_wconf 82' lang='grc' dir='ltr'><strong><em>ὁιά</em></strong></span> <span class='ocrx_word' id='word_1_102' title='bbox 620 1854 659 1904; x_wconf 57' lang='lat' dir='ltr'><em>H</em></span> 
     </span>
     <span class='ocr_line' id='line_1_16' title="bbox 74 1890 583 1978; baseline 0.004 -22"><span class='ocrx_word' id='word_1_103' title='bbox 74 1902 107 1950; x_wconf 80' lang='lat'><strong><em>15</em></strong></span> <span class='ocrx_word' id='word_1_104' title='bbox 125 1894 187 1957; x_wconf 85' lang='grc' dir='ltr'><strong><em>τοῦ</em></strong></span> <span class='ocrx_word' id='word_1_105' title='bbox 202 1898 236 1957; x_wconf 88' lang='grc' dir='ltr'><em>Χ</em></span> <span class='ocrx_word' id='word_1_106' title='bbox 244 1895 284 1978; x_wconf 83' lang='grc' dir='ltr'><strong><em>τή</em></strong></span> <span class='ocrx_word' id='word_1_107' title='bbox 295 1897 358 1957; x_wconf 85' lang='grc' dir='ltr'><strong><em>ΓΔ</em></strong></span> <span class='ocrx_word' id='word_1_108' title='bbox 370 1890 583 1978; x_wconf 79' lang='grc' dir='ltr'><strong><em>παράλληλος</em></strong></span> 
     </span>
     <span class='ocr_line' id='line_1_17' title="bbox 126 1994 582 2082; baseline 0.004 -20"><span class='ocrx_word' id='word_1_109' title='bbox 126 1994 222 2082; x_wconf 84' lang='grc' dir='ltr'><strong><em>ήχθω</em></strong></span> <span class='ocrx_word' id='word_1_110' title='bbox 244 1994 264 2081; x_wconf 85' lang='grc' dir='ltr'><strong><em>ή</em></strong></span> <span class='ocrx_word' id='word_1_111' title='bbox 283 2003 358 2063; x_wconf 89' lang='grc' dir='ltr'><strong><em>ΑΒ.</em></strong></span> <span class='ocrx_word' id='word_1_112' title='bbox 409 1999 506 2082; x_wconf 84' lang='grc' dir='ltr'><strong><em>λέγω,</em></strong></span> <span class='ocrx_word' id='word_1_113' title='bbox 531 1994 582 2064; x_wconf 84' lang='grc' dir='ltr'><strong><em>ὅτι</em></strong></span> 
     </span>
     <span class='ocr_line' id='line_1_18' title="bbox 126 2105 581 2188; baseline 0.004 -20"><span class='ocrx_word' id='word_1_114' title='bbox 126 2105 164 2168; x_wconf 83' lang='grc' dir='ltr'><strong><em>αἴ</em></strong></span> <span class='ocrx_word' id='word_1_115' title='bbox 175 2109 248 2187; x_wconf 84' lang='grc' dir='ltr'><strong><em>ΑΒ,</em></strong></span> <span class='ocrx_word' id='word_1_116' title='bbox 261 2109 331 2185; x_wconf 86' lang='lat' dir='ltr'><strong><em>EX</em></strong></span> <span class='ocrx_word' id='word_1_117' title='bbox 346 2109 499 2188; x_wconf 84' lang='grc' dir='ltr'><strong><em>συζυγεῐς</em></strong></span> <span class='ocrx_word' id='word_1_118' title='bbox 518 2108 581 2170; x_wconf 90' lang='grc' dir='ltr'><strong><em>εἴσι</em></strong></span> 
     </span>
     <span class='ocr_line' id='line_1_19' title="bbox 127 2207 536 2296; baseline 0.007 -22"><span class='ocrx_word' id='word_1_119' title='bbox 127 2207 299 2294; x_wconf 77' lang='grc' dir='ltr'><strong><em>διάμετροι</em></strong></span> <span class='ocrx_word' id='word_1_120' title='bbox 322 2213 390 2277; x_wconf 79' lang='grc' dir='ltr'><strong><em>τῶν</em></strong></span> <span class='ocrx_word' id='word_1_121' title='bbox 413 2215 536 2296; x_wconf 76' lang='grc' dir='ltr'><strong><em>τομῶν.</em></strong></span> 
     </span>
     <span class='ocr_line' id='line_1_20' title="bbox 194 2315 1132 2407; baseline 0.005 -24"><span class='ocrx_word' id='word_1_122' title='bbox 194 2318 379 2403; x_wconf 79' lang='grc' dir='ltr'><strong><em>ἐπεζεύχθω</em></strong></span> <span class='ocrx_word' id='word_1_123' title='bbox 408 2317 471 2403; x_wconf 85' lang='grc' dir='ltr'><strong><em>γὰρ</em></strong></span> <span class='ocrx_word' id='word_1_124' title='bbox 500 2315 521 2401; x_wconf 83' lang='grc' dir='ltr'><strong><em>ή</em></strong></span> <span class='ocrx_word' id='word_1_125' title='bbox 545 2326 617 2386; x_wconf 84' lang='lat' dir='ltr'><strong><em>AX</em></strong></span> <span class='ocrx_word' id='word_1_126' title='bbox 641 2320 697 2385; x_wconf 84' lang='grc' dir='ltr'><strong><em>καὶ</em></strong></span> <span class='ocrx_word' id='word_1_127' title='bbox 726 2321 941 2407; x_wconf 79' lang='grc' dir='ltr'><strong><em>ἐκβεβλήσθω</em></strong></span> <span class='ocrx_word' id='word_1_128' title='bbox 968 2324 1022 2389; x_wconf 83' lang='grc' dir='ltr'><strong><em>ἐπὶ</em></strong></span> <span class='ocrx_word' id='word_1_129' title='bbox 1045 2323 1081 2390; x_wconf 90' lang='grc' dir='ltr'><strong><em>τὸ</em></strong></span> <span class='ocrx_word' id='word_1_130' title='bbox 1101 2328 1132 2406; x_wconf 84' lang='grc' dir='ltr'><strong><em>Ζ,</em></strong></span> 
     </span>
     <span class='ocr_line' id='line_1_21' title="bbox 71 2422 1133 2517; baseline 0.006 -27"><span class='ocrx_word' id='word_1_131' title='bbox 71 2434 105 2483; x_wconf 82' lang='lat'><strong><em>20</em></strong></span> <span class='ocrx_word' id='word_1_132' title='bbox 124 2425 180 2491; x_wconf 88' lang='grc' dir='ltr'><strong><em>καῖ</em></strong></span> <span class='ocrx_word' id='word_1_133' title='bbox 204 2423 390 2511; x_wconf 79' lang='grc' dir='ltr'><strong><em>ἐπεζεύχθω</em></strong></span> <span class='ocrx_word' id='word_1_134' title='bbox 414 2422 434 2510; x_wconf 87' lang='grc' dir='ltr'><strong><em>ή</em></strong></span> <span class='ocrx_word' id='word_1_135' title='bbox 459 2430 528 2495; x_wconf 90' lang='grc' dir='ltr'><strong><em>ΓΖ.</em></strong></span> <span class='ocrx_word' id='word_1_136' title='bbox 575 2433 630 2512; x_wconf 89' lang='grc' dir='ltr'><strong><em>ἴση</em></strong></span> <span class='ocrx_word' id='word_1_137' title='bbox 659 2425 726 2514; x_wconf 87' lang='grc' dir='ltr'><strong><em>ἀρα</em></strong></span> <span class='ocrx_word' id='word_1_138' title='bbox 754 2429 844 2495; x_wconf 84' lang='grc' dir='ltr'><strong><em>ἐστὶν</em></strong></span> <span class='ocrx_word' id='word_1_139' title='bbox 867 2425 887 2513; x_wconf 88' lang='grc' dir='ltr'><strong><em>ή</em></strong></span> <span class='ocrx_word' id='word_1_140' title='bbox 911 2436 985 2495; x_wconf 84' lang='lat' dir='ltr'><strong><em>AX</em></strong></span> <span class='ocrx_word' id='word_1_141' title='bbox 1008 2441 1048 2517; x_wconf 76' lang='grc' dir='ltr'><strong><em>τῇ</em></strong></span> <span class='ocrx_word' id='word_1_142' title='bbox 1072 2435 1133 2496; x_wconf 88' lang='grc' dir='ltr'><strong><em>ΧΖ.</em></strong></span> 
     </span>
     <span class='ocr_line' id='line_1_22' title="bbox 126 2527 1133 2622; baseline 0.004 -25"><span class='ocrx_word' id='word_1_143' title='bbox 126 2536 195 2599; x_wconf 81' lang='grc' dir='ltr'><strong><em>ἐστι</em></strong></span> <span class='ocrx_word' id='word_1_144' title='bbox 219 2530 256 2597; x_wconf 77' lang='grc' dir='ltr'><strong><em>δὲ</em></strong></span> <span class='ocrx_word' id='word_1_145' title='bbox 279 2531 334 2596; x_wconf 80' lang='grc' dir='ltr'><strong><em>καὶ</em></strong></span> <span class='ocrx_word' id='word_1_146' title='bbox 357 2527 378 2616; x_wconf 84' lang='grc' dir='ltr'><strong><em>ή</em></strong></span> <span class='ocrx_word' id='word_1_147' title='bbox 399 2538 469 2597; x_wconf 87' lang='grc' dir='ltr'><strong><em>ΔΕ</em></strong></span> <span class='ocrx_word' id='word_1_148' title='bbox 490 2535 529 2618; x_wconf 82' lang='grc' dir='ltr'><strong><em>τή</em></strong></span> <span class='ocrx_word' id='word_1_149' title='bbox 548 2538 614 2598; x_wconf 91' lang='grc' dir='ltr'><strong><em>ΕΓ</em></strong></span> <span class='ocrx_word' id='word_1_150' title='bbox 634 2541 706 2618; x_wconf 91' lang='grc' dir='ltr'><strong><em>ἴση·</em></strong></span> <span class='ocrx_word' id='word_1_151' title='bbox 733 2533 950 2618; x_wconf 82' lang='grc' dir='ltr'><strong><em>παράλληλος</em></strong></span> <span class='ocrx_word' id='word_1_152' title='bbox 969 2533 1035 2622; x_wconf 82' lang='grc' dir='ltr'><strong><em>ἀρα</em></strong></span> <span class='ocrx_word' id='word_1_153' title='bbox 1054 2534 1133 2603; x_wconf 80' lang='grc' dir='ltr'><strong><em>ἐστὶν</em></strong></span> 
     </span>
     <span class='ocr_line' id='line_1_23' title="bbox 125 2634 1133 2725; baseline 0.002 -21"><span class='ocrx_word' id='word_1_154' title='bbox 125 2634 238 2722; x_wconf 81' lang='grc' dir='ltr'><strong><em>ήΕΧ</em></strong></span> <span class='ocrx_word' id='word_1_155' title='bbox 265 2642 304 2724; x_wconf 84' lang='grc' dir='ltr'><strong><em>τή</em></strong></span> <span class='ocrx_word' id='word_1_156' title='bbox 334 2644 402 2706; x_wconf 91' lang='grc' dir='ltr'><strong><em>ΖΓ.</em></strong></span> <span class='ocrx_word' id='word_1_157' title='bbox 454 2637 668 2724; x_wconf 77' lang='grc' dir='ltr'><strong><em>ἐκβεβλήσθω</em></strong></span> <span class='ocrx_word' id='word_1_158' title='bbox 700 2636 720 2725; x_wconf 82' lang='grc' dir='ltr'><strong><em>η</em></strong></span> <span class='ocrx_word' id='word_1_159' title='bbox 749 2647 815 2706; x_wconf 91' lang='grc' dir='ltr'><strong><em>ΒΑ</em></strong></span> <span class='ocrx_word' id='word_1_160' title='bbox 847 2640 900 2706; x_wconf 80' lang='grc' dir='ltr'><strong><em>ἐπὶ</em></strong></span> <span class='ocrx_word' id='word_1_161' title='bbox 929 2638 966 2707; x_wconf 86' lang='grc' dir='ltr'><strong><em>τὸ</em></strong></span> <span class='ocrx_word' id='word_1_162' title='bbox 995 2649 1039 2709; x_wconf 91' lang='grc' dir='ltr'><strong><em>Η.</em></strong></span> <span class='ocrx_word' id='word_1_163' title='bbox 1086 2640 1133 2709; x_wconf 87' lang='grc' dir='ltr'><strong><em>καλ</em></strong></span> 
     </span>
     <span class='ocr_line' id='line_1_24' title="bbox 125 2741 1131 2834; baseline 0.01 -28"><span class='ocrx_word' id='word_1_164' title='bbox 125 2741 194 2808; x_wconf 81' lang='grc' dir='ltr'><strong><em>ἐπεὶ</em></strong></span> <span class='ocrx_word' id='word_1_165' title='bbox 219 2750 273 2827; x_wconf 94' lang='grc' dir='ltr'><strong><em>ἴση</em></strong></span> <span class='ocrx_word' id='word_1_166' title='bbox 298 2743 389 2810; x_wconf 81' lang='grc' dir='ltr'><strong><em>ἐστὶν</em></strong></span> <span class='ocrx_word' id='word_1_167' title='bbox 412 2742 433 2830; x_wconf 85' lang='grc' dir='ltr'><strong><em>ή</em></strong></span> <span class='ocrx_word' id='word_1_168' title='bbox 456 2752 528 2811; x_wconf 89' lang='grc' dir='ltr'><strong><em>ΔΧ</em></strong></span> <span class='ocrx_word' id='word_1_169' title='bbox 551 2748 591 2832; x_wconf 85' lang='grc' dir='ltr'><strong><em>τή</em></strong></span> <span class='ocrx_word' id='word_1_170' title='bbox 615 2753 693 2831; x_wconf 82' lang='grc' dir='ltr'><strong><em>ΧΖ,</em></strong></span> <span class='ocrx_word' id='word_1_171' title='bbox 723 2754 777 2831; x_wconf 95' lang='grc' dir='ltr'><strong><em>ἴση</em></strong></span> <span class='ocrx_word' id='word_1_172' title='bbox 802 2745 867 2834; x_wconf 85' lang='grc' dir='ltr'><strong><em>ἀρα</em></strong></span> <span class='ocrx_word' id='word_1_173' title='bbox 890 2748 947 2813; x_wconf 83' lang='grc' dir='ltr'><strong><em>καὶ</em></strong></span> <span class='ocrx_word' id='word_1_174' title='bbox 969 2745 991 2832; x_wconf 85' lang='grc' dir='ltr'><strong><em>ή</em></strong></span> <span class='ocrx_word' id='word_1_175' title='bbox 1017 2756 1085 2816; x_wconf 88' lang='grc' dir='ltr'><strong><em>ΕΧ</em></strong></span> <span class='ocrx_word' id='word_1_176' title='bbox 1100 2748 1131 2834; x_wconf 83' lang='grc' dir='ltr'><strong><em>τή</em></strong></span> 
     </span>
    </p>
   </div>
   <div class='ocr_carea' id='block_1_4' title="bbox 70 2845 1132 3151">
    <p class='ocr_par' dir='ltr' id='par_1_4' title="bbox 70 2845 1132 3151">
     <span class='ocr_line' id='line_1_25' title="bbox 125 2845 1132 2941; baseline 0.01 -31"><span class='ocrx_word' id='word_1_177' title='bbox 125 2852 205 2911; x_wconf 85' lang='grc' dir='ltr'><strong><em>ΖΗ·</em></strong></span> <span class='ocrx_word' id='word_1_178' title='bbox 234 2845 317 2914; x_wconf 73' lang='grc' dir='ltr'><strong><em>ὥστε</em></strong></span> <span class='ocrx_word' id='word_1_179' title='bbox 340 2853 396 2915; x_wconf 88' lang='grc' dir='ltr'><strong><em>καῖ</em></strong></span> <span class='ocrx_word' id='word_1_180' title='bbox 419 2847 440 2933; x_wconf 84' lang='grc' dir='ltr'><strong><em>ή</em></strong></span> <span class='ocrx_word' id='word_1_181' title='bbox 460 2856 531 2916; x_wconf 91' lang='grc' dir='ltr'><strong><em>ΓΗ</em></strong></span> <span class='ocrx_word' id='word_1_182' title='bbox 551 2858 606 2937; x_wconf 94' lang='grc' dir='ltr'><strong><em>ἴση</em></strong></span> <span class='ocrx_word' id='word_1_183' title='bbox 629 2856 668 2938; x_wconf 55' lang='lat' dir='ltr'><strong><em>‘cy‘</em></strong></span> <span class='ocrx_word' id='word_1_184' title='bbox 694 2858 769 2919; x_wconf 87' lang='lat' dir='ltr'><strong><em>ZH.</em></strong></span> <span class='ocrx_word' id='word_1_185' title='bbox 815 2852 836 2938; x_wconf 78' lang='grc' dir='ltr'><em>ἡ</em></span> <span class='ocrx_word' id='word_1_186' title='bbox 859 2852 923 2941; x_wconf 86' lang='grc' dir='ltr'><strong><em>ἀρα</em></strong></span> <span class='ocrx_word' id='word_1_187' title='bbox 946 2854 1030 2921; x_wconf 86' lang='grc' dir='ltr'><strong><em>κατά</em></strong></span> <span class='ocrx_word' id='word_1_188' title='bbox 1055 2854 1132 2922; x_wconf 86' lang='grc' dir='ltr'><strong><em>τὸΑ</em></strong></span> 
     </span>
     <span class='ocr_line' id='line_1_26' title="bbox 70 2953 1131 3049; baseline 0.01 -34"><span class='ocrx_word' id='word_1_189' title='bbox 70 2961 104 3010; x_wconf 80' lang='lat'><strong><em>25</em></strong></span> <span class='ocrx_word' id='word_1_190' title='bbox 124 2953 337 3039; x_wconf 78' lang='grc' dir='ltr'><strong><em>ἐφαπτομένη</em></strong></span> <span class='ocrx_word' id='word_1_191' title='bbox 356 2955 569 3042; x_wconf 84' lang='grc' dir='ltr'><strong><em>παράλληλός</em></strong></span> <span class='ocrx_word' id='word_1_192' title='bbox 591 2961 718 3045; x_wconf 74' lang='grc' dir='ltr'><strong><em>ἐστιτή</em></strong></span> <span class='ocrx_word' id='word_1_193' title='bbox 734 2964 806 3025; x_wconf 91' lang='grc' dir='ltr'><strong><em>ΓΖ·</em></strong></span> <span class='ocrx_word' id='word_1_194' title='bbox 836 2957 919 3026; x_wconf 77' lang='grc' dir='ltr'><strong><em>ὥστε</em></strong></span> <span class='ocrx_word' id='word_1_195' title='bbox 940 2961 997 3026; x_wconf 83' lang='grc' dir='ltr'><strong><em>καῖ</em></strong></span> <span class='ocrx_word' id='word_1_196' title='bbox 1016 2966 1056 3049; x_wconf 76' lang='grc' dir='ltr'><strong><em>τῇ</em></strong></span> <span class='ocrx_word' id='word_1_197' title='bbox 1070 2963 1131 3028; x_wconf 69' lang='lat' dir='ltr'><strong><em>EX</em></strong></span> 
     </span>
     <span class='ocr_line' id='line_1_27' title="bbox 124 3059 897 3151; baseline 0.014 -29"><span class='ocrx_word' id='word_1_198' title='bbox 124 3060 160 3123; x_wconf 83' lang='grc' dir='ltr'><strong><em>αἴ</em></strong></span> <span class='ocrx_word' id='word_1_199' title='bbox 181 3064 256 3141; x_wconf 87' lang='grc' dir='ltr'><strong><em>ΕΧ,</em></strong></span> <span class='ocrx_word' id='word_1_200' title='bbox 276 3066 341 3125; x_wconf 87' lang='grc' dir='ltr'><strong><em>ΑΒ</em></strong></span> <span class='ocrx_word' id='word_1_201' title='bbox 365 3059 429 3145; x_wconf 86' lang='grc' dir='ltr'><strong><em>ἀρα</em></strong></span> <span class='ocrx_word' id='word_1_202' title='bbox 453 3070 605 3147; x_wconf 81' lang='grc' dir='ltr'><strong><em>συζυγεῖς</em></strong></span> <span class='ocrx_word' id='word_1_203' title='bbox 628 3070 693 3132; x_wconf 86' lang='grc' dir='ltr'><strong><em>εἴσι</em></strong></span> <span class='ocrx_word' id='word_1_204' title='bbox 718 3066 897 3151; x_wconf 78' lang='grc' dir='ltr'><strong><em>διάμετροι.</em></strong></span> 
     </span>
    </p>
   </div>
   <div class='ocr_carea' id='block_1_5' title="bbox 124 3258 1130 3581">
    <p class='ocr_par' dir='ltr' id='par_1_5' title="bbox 124 3258 1130 3581">
     <span class='ocr_line' id='line_1_28' title="bbox 604 3258 668 3343; baseline 0.031 -18"><span class='ocrx_word' id='word_1_205' title='bbox 604 3258 668 3343; x_wconf 82' lang='grc' dir='ltr'><strong><em>λη’.</em></strong></span> 
     </span>
     <span class='ocr_line' id='line_1_29' title="bbox 188 3375 1129 3470; baseline 0.006 -24"><span class='ocrx_word' id='word_1_206' title='bbox 188 3375 268 3446; x_wconf 86' lang='grc' dir='ltr'><strong><em>Ἐἀν</em></strong></span> <span class='ocrx_word' id='word_1_207' title='bbox 285 3381 354 3445; x_wconf 83' lang='grc' dir='ltr'><strong><em>τῶν</em></strong></span> <span class='ocrx_word' id='word_1_208' title='bbox 373 3375 611 3466; x_wconf 85' lang='grc' dir='ltr'><strong><em>ἀντικειμένων</em></strong></span> <span class='ocrx_word' id='word_1_209' title='bbox 632 3383 695 3451; x_wconf 81' lang='grc' dir='ltr'><strong><em>δύο</em></strong></span> <span class='ocrx_word' id='word_1_210' title='bbox 711 3381 842 3450; x_wconf 81' lang='grc' dir='ltr'><strong><em>εὐθεῖαι</em></strong></span> <span class='ocrx_word' id='word_1_211' title='bbox 857 3385 1047 3466; x_wconf 77' lang='grc' dir='ltr'><strong><em>ἐπιυαάωσι</em></strong></span> <span class='ocrx_word' id='word_1_212' title='bbox 1062 3407 1129 3470; x_wconf 86' lang='grc' dir='ltr'><strong><em>συμ-</em></strong></span> 
     </span>
     <span class='ocr_line' id='line_1_30' title="bbox 124 3481 1130 3581; baseline 0 -27"><span class='ocrx_word' id='word_1_213' title='bbox 124 3483 319 3573; x_wconf 79' lang='grc' dir='ltr'><strong><em>πίπτουσαι,</em></strong></span> <span class='ocrx_word' id='word_1_214' title='bbox 345 3481 365 3571; x_wconf 86' lang='grc' dir='ltr'><strong><em>ή</em></strong></span> <span class='ocrx_word' id='word_1_215' title='bbox 391 3481 455 3551; x_wconf 85' lang='grc' dir='ltr'><strong><em>ἀπὸ</em></strong></span> <span class='ocrx_word' id='word_1_216' title='bbox 479 3491 537 3572; x_wconf 84' lang='grc' dir='ltr'><strong><em>τής</em></strong></span> <span class='ocrx_word' id='word_1_217' title='bbox 560 3489 783 3574; x_wconf 80' lang='grc' dir='ltr'><strong><em>συμπτωσεως</em></strong></span> <span class='ocrx_word' id='word_1_218' title='bbox 807 3492 1065 3581; x_wconf 81' lang='grc' dir='ltr'><strong><em>ἐπιζευγνυμένη</em></strong></span> <span class='ocrx_word' id='word_1_219' title='bbox 1087 3487 1130 3560; x_wconf 85' lang='grc' dir='ltr'><strong><em>έπῖ</em></strong></span> 
     </span>
    </p>
   </div>
   <div class='ocr_carea' id='block_1_6' title="bbox 0 0 1224 3892">
    <p class='ocr_par' dir='ltr' id='par_1_6' title="bbox 0 0 1224 3892">
     <span class='ocr_line' id='line_1_31' title="bbox 0 0 1224 3892; baseline 0 3"><span class='ocrx_word' id='word_1_220' title='bbox 0 0 1224 3892; x_wconf 95' lang='lat' dir='ltr'><strong><em> </em></strong></span> 
     </span>
    </p>
   </div>
  </div>
 </body>
</html>
