2438 3892
418 136 632 191 courcoauu
649 136 760 189 nmen
777 138 799 193 1.
1052 136 1115 201 1⁸17

97 282 227 349 rectam
250 280 292 347 ab
314 280 356 347 iis
379 278 421 347 sd
441 279 597 347 uerticem
618 280 772 346 sectionis
790 279 950 345 abscisam
969 280 1117 347 deficien-

98 388 191 455 tibus
212 386 319 475 ligura
341 386 441 453 simili
464 386 677 471 similiterque
697 386 806 470 posita
823 388 1012 473 rectangulo
1031 386 1116 453 datis

99 492 200 561 rectis
223 492 466 579 comprehenso.

168 600 236 667 sint
256 598 353 665 datae
375 598 457 665 dnae
479 602 586 665 rectae
604 601 680 683 AB,
702 600 773 664 ΑΓ
790 598 878 664 inter
896 620 930 665 se
948 600 1118 683 perpendi-

99 706 237 791 culares,
254 726 392 791 quarum
410 706 516 771 maior
535 704 579 771 sit
596 708 671 770 ΑΒ.
708 708 837 789 oportet
854 706 954 791 igitur
972 706 1006 771 in
1020 705 1118 791 plano

744 812 925 877 subiacenti
979 812 1119 897 ellipsim

744 917 933 1005 describere,
946 919 993 983 ita
1002 922 1039 983 ut
1050 918 1119 985 eius

744 1022 919 1089 diametrus
960 1024 1004 1090 sit
1040 1028 1119 1109 AB,

744 1135 856 1196 uertex
868 1134 1022 1215 autemA‚
1031 1132 1119 1197 latus

557 1253 573 1338 's
599 1277 606 1287 ,
744 1239 869 1299 rectum
883 1240 991 1302 autem
1001 1240 1120 1322 Asset

744 1342 851 1405 rectae
861 1341 1007 1407 ordinate
1020 1366 1040 1407 a
1054 1364 1120 1408 sec-

744 1445 835 1511 tione
858 1446 899 1511 ad
917 1451 982 1511 AB
1006 1447 1120 1513 ductae

745 1550 780 1615 in
809 1550 886 1616 dato
917 1554 1036 1637 angulo
1064 1554 1120 1618 du·

747 1660 918 1721 cantaret
945 1658 1121 1742 quadratae

746 1763 896 1849 aequales
916 1764 983 1830 sint
1007 1766 1121 1849 spatiis

101 1874 214 1939 rectae
237 1872 306 1938 ΑΓ
324 1869 497 1955 adplicatis
518 1869 707 1936 latitudines
731 1869 926 1936 habentibus
949 1874 1055 1938 rectas
1080 1871 1121 1937 ab

101 1980 148 2046 iis
163 1977 205 2045 ad
217 1983 251 2044 A
268 1976 413 2044 abscisas
432 1976 656 2042 deficientibus
668 1976 774 2061 figura
793 1977 893 2042 simili
908 1977 1121 2063 similiterque

102 2084 216 2171 posits
236 2082 427 2169 rectangulc
452 2086 518 2147 BA
531 2097 574 2151 ><
588 2085 664 2148 ΑΓ.

175 2190 264 2277 prius
291 2190 395 2275 igitur
423 2189 561 2273 angulus
589 2188 683 2254 datus
710 2194 818 2256 rectus
847 2190 902 2275 sit,
934 2195 968 2255 et
995 2192 1029 2255 in
1058 2194 1122 2254 AB

104 2296 241 2383 planum
260 2295 301 2363 sd
320 2294 491 2362 subiacens
510 2295 772 2381 perpendiculare
791 2297 946 2381 erigatur,
968 2297 1002 2360 in
1022 2317 1123 2379 eoque

104 2404 142 2469 in
174 2406 241 2467 AB
272 2405 477 2487 segmentum
509 2403 620 2468 circuli
652 2402 854 2467 describatur
885 2405 1003 2485 ΑΔΒ,
1034 2402 1124 2465 cuius

104 2510 264 2595 punctum
291 2508 433 2573 medium
466 2508 511 2573 sit
538 2513 585 2593 Δ,
617 2508 838 2591 ducanturque
866 2510 950 2591 ΛΑ,
980 2510 1061 2589 ΑΒ,
1092 2509 1125 2571 et

105 2620 251 2701 ponatur
273 2614 340 2689 As
351 2644 394 2669 a·
409 2618 483 2698 ΑΓ,
505 2636 562 2699 per
582 2614 738 2687 &autem
756 2617 863 2677 rectae
883 2615 949 2676 AB
968 2611 1125 2697 parallela

106 2718 248 2787 ducatur
269 2720 345 2806 ΞΟ,
373 2742 431 2805 per
460 2726 489 2785 0
511 2724 620 2786 antem
645 2725 753 2787 rectae
777 2724 841 2785 AB
865 2717 1025 2804 parallela
1051 2722 1125 2801 ΟΖ,

107 2828 144 2893 et
164 2824 300 2893 ducatur
324 2832 357 2891 A
364 2830 391 2891 Z
415 2831 647 2913 concurratque
670 2850 743 2892 cum
767 2830 831 2891 AB
855 2826 1012 2911 producta
1034 2826 1069 2891 in
1087 2828 1125 2890 E.

108 2934 173 2999 erit
195 2932 298 3019 igitur
323 2933 427 3014 [Eucl.
451 2932 490 3018 V,
516 2935 548 3015 l]

160 3039 626 3113 AB=AF=BAzAs=
642 3043 732 3103 AA:
748 3045 815 3104 ΑΟ
837 3038 942 3121 [Eucl.
965 3038 1022 3121 Vl,
1044 3041 1080 3121 4]

371 3176 413 3199 =
428 3150 517 3211 Aa:
534 3150 596 3209 uz
621 3145 725 3227 [nuel.
748 3146 805 3230 vl,
828 3150 873 3227 ul.

110 3250 272 3317 ducantur
293 3254 327 3315 A
333 3255 369 3334 Z,
391 3255 452 3316 ΖΒ
473 3252 763 3337 proteranturque,
787 3255 819 3318 et
837 3253 871 3319 in
890 3258 953 3319 ΖΑ
970 3256 1128 3338 punctum

182 3478 317 3549 Figuram
334 3478 379 3535 bis
397 3480 462 3533 hab.
482 3478 515 3534 V.

165 3576 355 3631 Apollonias,
374 3578 409 3619 ed.
423 3577 532 3629 Bulbum.
935 3574 966 3621 12
