2438 3892
199 871 205 885 ’
339 881 616 955 OONIOORUM
643 883 787 956 LIBER
815 884 881 958 ΙΙΙ.

603 1058 627 1122 Ι.

171 1180 208 1247 si
249 1185 356 1247 rectae
397 1183 472 1248 coni
511 1182 689 1247 sectionem
726 1183 778 1247 uel
815 1184 926 1249 circuli
962 1184 1120 1248 ambitum

100 1289 333 1373 contingentes
360 1288 446 1353 inter
469 1309 503 1353 se
526 1292 735 1373 concurrunt,
764 1292 797 1353 et
820 1312 877 1373 pcr
898 1294 1021 1373 puncta
1044 1313 1120 1355 con-

101 1397 211 1460 tactus
252 1393 402 1459 diametri
439 1394 600 1460 ducuntur
636 1416 708 1459 cum
746 1396 1010 1481 contingentibus
1048 1417 1120 1460 con-

102 1502 284 1583 currentes,
306 1501 463 1586 trianguli
485 1501 532 1566 ita
556 1501 629 1584 orti,
656 1501 711 1585 qui
734 1501 775 1565 ed
799 1502 953 1566 uerticem
976 1501 1062 1565 inter
1085 1522 1120 1565 se

100 1607 204 1691 positi
228 1610 317 1690 sunt,
340 1607 490 1691 aequales
514 1611 617 1672 erunt.

169 1713 213 1778 sit
235 1717 302 1778 AB
326 1713 399 1780 coni
423 1714 523 1779 sectio
546 1715 600 1779 uel
625 1714 766 1779 ambitus
791 1715 915 1799 circuli,
943 1716 976 1777 et
999 1715 1119 1778 lineam

101 1823 167 1884 AB
194 1819 390 1906 contingant
412 1822 444 1880 A
450 1823 490 1899 Γ,
514 1824 582 1885 ΒΔ
609 1822 644 1886 in
673 1825 705 1885 E
730 1826 971 1901 concurrentes
999 1842 1056 1904 per
1078 1825 1119 1903 A,

569 1982 607 2037 A

253 2058 963 2505 A&

101 2638 130 2699 Β
155 2638 265 2699 autem
293 2635 444 2701 diametri
472 2636 624 2701 sectionis
653 2634 812 2699 ducantur
839 2635 915 2716 ΓΒ,
943 2636 1012 2694 ΛΑ
1045 2651 1118 2694 cum

100 2741 365 2826 contingentibus
389 2743 424 2806 in
448 2744 489 2824 Γ,
513 2748 546 2805 Δ
570 2743 807 2806 concurrentes.
855 2739 940 2822 dico,
964 2759 1034 2802 esse

468 2870 630 2929 AAE=
647 2867 751 2929 ΕΒΓ.

164 2989 301 3055 ducatur
337 2990 422 3054 enim
459 2990 500 3053 ab
533 2995 566 3053 A
601 2993 709 3054 rectae
741 2991 810 3052 BA
845 2986 1003 3071 parellela
1035 2991 1115 3070 AZ;

99 3095 247 3161 ordinate
269 3096 372 3181 igitur
395 3094 491 3161 ductu
511 3099 561 3162 est
581 3094 610 3176 [I
629 3095 690 3160 def.
705 3095 750 3176 5].
787 3095 821 3159 in
841 3095 999 3179 parabola
1017 3093 1117 3178 igitur

97 3202 160 3268 crit
178 3201 218 3285 [L
235 3202 294 3283 42]
313 3205 452 3266 ΑΔΒΖ
467 3231 509 3254 =
524 3204 631 3287 ΑΓΖ,
651 3204 684 3266 et
702 3201 823 3279 abluto,
843 3201 929 3284 quod
948 3219 1117 3266 commune

98 3312 164 3394 cst,
185 3312 322 3373 ΑΕΒΖ
344 3309 506 3393 reliquum
531 3308 594 3372 erit
617 3311 725 3371 ΑΔΕ
738 3337 780 3359 --
797 3309 902 3371 ΓΒΕ.

163 3416 201 3480 in
222 3415 358 3499 reliquis
377 3420 485 3480 autem
506 3414 657 3491 diametri
675 3413 708 3478 in
727 3417 768 3477 H
781 3415 892 3478 centro
912 3412 1115 3477 concurrent.
