2438 3892
117 146 182 211 308
517 145 682 200 mmm
702 142 740 218 μ’.

117 290 183 375 ἄρα
207 296 263 374 ίση
288 287 379 355 ἐστὶν
401 284 422 373 ἡ
446 293 520 354 HK
541 291 581 375 τῇ
606 293 681 355 ΚΕ.
723 289 886 355 ἐκκείσθω
910 284 1038 353 κύκλου
1057 295 1121 371 τμη·

118 422 163 481 μα
191 392 230 462 τὸ
255 401 300 461 Μ
302 400 372 461 YN
396 391 579 480 δεχόμενον
607 397 736 479 γωνίαν
765 400 844 478 ίσην
871 394 912 480 τῇ
935 389 1003 459 ὑπὸ
1025 396 1122 458 ΑΓΒ·

119 497 259 587 ἀμβλεῖα
293 498 330 566 δὲ
361 495 382 584 ἡ
414 496 479 566 ὑπὸ
507 504 619 566 ΑΓΒ·
671 503 814 566 ἔλασσον
842 497 909 584 ἄρα
937 495 1122 585 ἡμικυκλίου

119 604 230 693 τμῆμά
263 608 333 673 ἐστι
364 603 402 673 τὸ
435 612 477 672 Μ
483 612 556 672 YN.
611 604 807 691 πεποιήσθω
841 602 899 690 δή,
932 601 979 684 ὡς
1010 601 1032 690 ἡ
1061 609 1124 670 HK

86 711 204 799 οπρὸς
231 719 313 798 KE,
345 706 366 798 ἡ
399 714 465 787 ΝΞ
495 709 578 799 πρὸς
605 712 692 797 ΞΜ,
724 712 780 778 καὶ
812 708 877 778 ἀπὸ
910 715 974 779 τοῦ
1001 713 1030 787 Ξ
1053 708 1123 796 πρὸς

122 817 230 905 ὀρθὰς
252 816 349 904 ἤχθω
371 815 391 904 ἡ
416 819 523 903 ΥΞΧ,
546 818 602 884 καὶ
623 817 874 905 ἐπεζεύχθωσαν
894 820 932 885 αί
948 825 989 884 Ν
994 826 1033 903 Y,
1055 823 1121 900 PM,

120 926 175 992 καὶ
198 924 374 1011 τετμήσθω
399 928 475 1011 δίχα
494 922 514 1010 ἡ
534 932 618 992 ΜΝ
631 921 714 991 κατὰ
732 923 771 992 τὸ
794 931 829 1009 Τ,
853 925 910 992 καὶ
928 922 1013 1010 πρὸς
1031 921 1122 1011 ὀρθὰς

122 1878 218 1965 ἤχθω
247 1875 267 1964 ἡ
294 1888 410 1947 ΟΤΠ·
457 1878 635 1966 διάμετρος
658 1879 724 1966 ἄρα
748 1880 845 1947 ἐστίν.
892 1882 976 1946 ἔστω
999 1880 1122 1964 κέντρον

121 1986 159 2052 τὸ
178 1993 214 2070 Ρ,
238 1985 294 2052 καὶ
313 1983 368 2052 ἀπ’
391 1983 497 2054 αὐτοῦ
515 1984 659 2066 κάθετος
677 1982 698 2072 ἡ
717 1993 791 2072 ΡΣ,
813 1985 869 2052 καί
889 1987 1123 2073 ἐπεζεύχθωσαν

71 2094 161 2163 ιοιαί
188 2096 270 2176 ΟΝ,
296 2097 377 2158 ΟΜ.
427 2090 497 2159 ἐπεὶ
530 2084 594 2159 ούν
626 2088 647 2179 ἡ
682 2089 748 2161 ὑπὸ
777 2099 894 2160 ΜΘΝ
918 2101 975 2178 ίση
1004 2092 1071 2160 ἐστὶ
1093 2091 1124 2176 τη

122 2193 188 2264 ὑπὸ
214 2202 327 2282 ΑΓΒ,
350 2197 406 2264 καὶ
430 2200 507 2285 δίχα
530 2199 686 2285 τέτμηται
709 2199 846 2284 ἑκατέρα
868 2202 938 2265 τῶν
960 2206 1042 2284 ΑΒ,
1061 2199 1126 2265 ΜΝ

122 2302 205 2371 κατὰ
233 2331 273 2372 τα
302 2312 347 2391 Ε,
377 2311 417 2391 T,
445 2306 500 2372 καὶ
530 2303 637 2393 ὀρθαί
661 2310 747 2372 εἰσιν
776 2307 813 2371 αί
838 2301 921 2390 πρὸς
948 2321 1019 2384 τοῖς
1042 2312 1083 2389 Β,
1107 2305 1130 2367 Τ

125 2417 258 2498 γωνίαι,
287 2410 387 2499 ὅμοια
415 2410 480 2500 ἄρα
507 2410 547 2478 τὰ
579 2418 696 2495 ΟΤΝ,
720 2418 820 2479 ΒΕΓ
843 2418 1000 2499 τρίγωνα.
1050 2416 1128 2478 ἐστιν

124 2520 199 2606 ἄρα,
223 2517 269 2600 οἷος
290 2518 327 2587 τὸ
352 2517 418 2586 ἀπὸ
441 2525 509 2585 ΤΝ
528 2515 613 2603 πρὸς
634 2516 672 2584 τὸ
697 2515 762 2585 νἰπὸ
787 2524 862 2602 ΤΟ,
888 2517 996 2597 οὕτως
1018 2515 1056 2585 τὸ
1074 2512 1130 2582 ἀπὸ

72 2648 105 2696 15
125 2633 190 2693 ΒΕ
216 2624 299 2714 πρὸς
325 2626 363 2693 τὸ
393 2623 456 2693 ἀπὸ
481 2629 552 2691 ΕΓ.
597 2623 653 2689 καὶ
681 2624 750 2691 ἐπεὶ
780 2631 835 2708 ίση
861 2621 995 2708 ἐστὶνίχ
1025 2631 1082 2690 ΤΡ
1098 2648 1132 2710 ιη

124 2733 203 2815 ΣΞ,
232 2737 352 2816 μείζων
380 2732 417 2799 δὲ
441 2729 461 2816 ἡ
485 2737 546 2798 PO
568 2741 625 2815 τῆς
649 2737 728 2813 ΣΤ,
758 2728 864 2814 ηΡΟ
888 2728 953 2818 ἄρα
976 2729 1060 2817 πρὸς
1084 2733 1137 2796 ΡΤ

124 2840 259 2919 μείζονα
289 2843 355 2923 ἔχει
383 2837 487 2923 λόγον
514 2833 642 2923 ἥπερὴ
670 2842 735 2902 ΤΣ
755 2833 838 2923 πρὸς
861 2837 938 2912 ΣΞ·
983 2839 1040 2903 καί
1063 2833 1136 2903 ἄνα-

6 2928 11 2939 ’
125 2941 304 3024 στρέψαυτι
327 2940 348 3027 ἣ
373 2950 434 3008 PO
455 2940 539 3030 πρὸς
564 2950 632 3010 OT
650 2942 815 3010 ἐλάσσονα
840 2939 944 3028 λόγον
968 2948 1035 3029 ἔχει
1058 2941 1137 3029 ἥπερ

125 3040 145 3128 η
170 3051 240 3109 ΣΥ
265 3045 348 3131 πρὸς
376 3052 441 3124 ΤΞ.
492 3049 548 3114 καὶ
576 3053 643 3116 τῶν
672 3047 870 3137 ἡγουμένων
900 3047 938 3114 τὰ
970 3047 1138 3116 διπλάσια·

72 3146 145 3235 οοη
179 3149 245 3235 ἄρα
274 3157 344 3217 ΠΟ
374 3151 458 3240 πρὸς
490 3160 550 3219 ΤΟ
582 3154 748 3223 ἐλάσσονα
781 3155 884 3240 λόγου
912 3159 978 3241 ἐχει
1007 3155 1093 3241 ἥπερ
1120 3152 1138 3240 ἡ

125 3263 192 3322 ΧΤ
215 3253 299 3339 πρὸς
329 3260 396 3334 ΤΞ.
439 3259 497 3325 ’καὶ
526 3258 673 3326 διελόντι
700 3259 721 3346 ἡ
753 3268 827 3328 ΠΤ
849 3259 933 3348 πρὸς
960 3267 1023 3328 ΤΟ
1051 3260 1141 3329 ἐλύσ-

197 3415 584 3485 2.τῇ]μο,θοοτε.ω,1ν.
644 3425 669 3473 4.
685 3421 860 3474 πεποιείσθω
875 3420 914 3488 V;
929 3435 999 3475 corr,
1014 3437 1063 3490 pc.
1120 3427 1142 3475 6.

129 3488 229 3561 ΤΞΧ]
249 3488 339 3547 &PX
354 3487 394 3555 V;
415 3503 484 3540 corr.
503 3506 531 3557 p.
591 3494 616 3542 8.
638 3491 742 3561 OTH]
766 3494 855 3546 ΤΟΠ
871 3491 910 3561 V;
930 3508 1001 3546 corr.
1016 3511 1044 3561 p.
1102 3498 1142 3546 1'1.
