2438 3892
141 148 184 212 10
537 146 701 200 ΚΩΝΙΚΩΝ
720 142 760 201 α’.

206 311 237 374 εί
258 304 323 394 γὰρ
348 304 511 391 δυνατόν,
539 303 584 392 μὴ
608 310 707 392 ἐστω,
735 308 791 375 καὶ
816 311 899 374 ἐστω
922 302 945 392 ἡ
969 322 1172 395 γεγραφυῖα

139 414 202 500 τὴν
226 412 424 500 ἐπιφάνειαν
448 407 605 479 εὐθεῖαί
636 419 718 497 ΔΕ,
747 409 765 479 ὁ
790 412 827 479 δὲ
849 411 988 496 κύκλος,
1014 412 1104 482 καθ’
1129 407 1171 484 οὗ

140 522 275 607 φέρεται
294 517 315 607 ἡ
331 528 409 604 ΕΛ,
429 516 447 586 ὁ
468 525 538 585 ΕΖ.
571 516 632 585 ἐὰν
651 519 693 604 δὴ
712 520 872 605 μένοντος
889 522 951 585 τοῦ
966 527 999 586 A
1021 527 1171 609 σημείου

140 623 160 713 ῇ
182 634 251 694 ΔΕ
272 623 390 695 εὐθεῖα
414 626 555 712 φέρηται
573 621 657 692 κατὰ
674 629 733 711 τῇς
751 629 812 692 τοῦ
831 631 894 692 ΕΖ
916 626 1051 695 κύκλου
1076 653 1171 716 περι-

104 739 292 819 σφερείας,
320 730 390 819 ἥξει
413 731 469 798 καὶ
493 729 549 798 διὰ
573 734 634 798 τοῦ
658 738 686 797 Β
710 735 865 817 σημείου,
892 730 949 798 καὶ
978 735 1078 801 ἔσται
1103 736 1169 803 δύο

143 837 288 907 εὐθειῶν
310 836 351 904 τὰ
375 835 460 905 αὐτὰ
484 837 622 925 πέρατα·
656 833 736 922 ὅπερ
760 833 896 904 ἄτοπον.

208 943 269 1012 οὐκ
298 943 365 1030 ἄρα
397 941 418 1030 ἡ
447 941 512 1011 ἀπὸ
540 947 601 1011 τοῦ
630 952 662 1010 A
694 942 748 1011 ἐπὶ
770 942 808 1010 τὸ
837 949 865 1009 Β
896 942 1169 1036 ἐπιζευγνυμένη

141 1049 259 1120 εὐθεῖα
287 1048 349 1119 οὐκ
378 1055 468 1118 ἔστιν
496 1053 533 1118 ἐν
560 1053 599 1138 τῇ
630 1053 818 1139 ἐπιφανείᾳ·
852 1051 889 1118 ἐν
914 1052 953 1138 τῇ
979 1051 1170 1144 ἐπιφανείᾳ

141 1155 206 1243 ἄρα
230 1158 307 1224 ἐστί.
598 1243 607 1265 Ι

89 1271 121 1318 10
558 1263 742 1332 πορισμα.

208 1369 264 1437 καὶ
297 1368 465 1455 φανερόν,
499 1366 564 1455 ὅτι,
599 1366 658 1437 ἐὰν
687 1367 751 1436 ἀπὸ
780 1371 839 1455 τῇς
865 1373 1017 1456 κορυφῆς
1050 1372 1111 1440 ἐπί
1136 1401 1169 1441 τι

143 1492 281 1566 σημεῖον
309 1479 377 1545 των
406 1473 500 1555 ἐντὸς
526 1479 585 1562 τῇς
611 1478 805 1561 ἐπιφανείας
827 1476 1004 1563 ἐπιζευχθῇ
1030 1474 1168 1566 εὐθεῖα,

141 1585 237 1664 ἐντὸς
258 1597 406 1653 πεσεῖται
428 1586 487 1669 τῇς
506 1593 652 1669 κυνικῆς
670 1584 875 1667 ἐπιφανείας,
898 1580 954 1648 καὶ
975 1581 1037 1650 ἐὰν
1060 1587 1121 1653 ἐπί
1136 1613 1169 1654 τι

141 1696 209 1760 τῶν
233 1689 324 1769 ἐκτὸς
347 1691 540 1777 ἐπιζευχθῇ,
564 1688 657 1768 ἐκτὸς
680 1694 771 1756 ἔσται
793 1692 851 1774 τῇς
874 1690 1084 1774 ἐπιφανείας.

89 1890 121 1938 15
626 1866 670 1950 β’.

206 1988 284 2058 Ἐὰν
299 1987 352 2076 ἐφ’
367 1987 596 2075 ὁποτερασοῦν
610 1993 679 2058 τῶν
688 1988 771 2057 κατὰ
785 1990 941 2076 κορυφὴν
951 1990 1167 2076 ἐπιφανειῶν

143 2096 206 2165 δύο
232 2109 351 2183 σημεῖα
375 2099 503 2184 ληφθῇ,
526 2093 546 2183 ἡ
571 2095 608 2163 δὲ
628 2096 680 2164 ἐπὶ
698 2094 739 2163 τὰ
759 2109 879 2183 σημεῖα
897 2097 1166 2186 ἐπιζευγνυμένη

143 2200 263 2271 εύθεῖα
286 2201 330 2290 μὴ
355 2202 437 2292 νεύῇ
462 2202 514 2270 ἐπὶ
537 2200 600 2288 τὴν
622 2201 789 2289 κορυφήν,
812 2200 906 2282 ἐντὸς
928 2216 1078 2271 πεσεῖται
1104 2217 1166 2293 τῆς

144 2311 348 2396 ἐπιφανείας,
372 2307 393 2396 ῇ
418 2309 454 2377 δέ
477 2307 526 2376 ἐπ’
549 2306 685 2388 εύθείας
707 2307 790 2396 αὐτῇ
815 2308 916 2390 ἐκτός.

89 2441 124 2490 20
211 2423 293 2486 ἐστω
317 2414 442 2503 κωνικῇ
469 2416 661 2502 ἐπιφάνεια,
690 2409 730 2502 ῇς
752 2415 884 2503 κορυφῇ
910 2414 971 2503 μέν
988 2413 1027 2483 τὸ
1047 2427 1082 2484 Α
1108 2439 1165 2507 ση-

143 2537 250 2610 μεῖον,
275 2522 293 2593 ὁ
315 2524 352 2592 δέ
369 2524 501 2608 κύκλος,
525 2519 604 2589 καθ’
622 2513 663 2589 ού
683 2523 817 2608 φέρεται
836 2520 857 2609 ῇ
877 2520 939 2607 τὴν
958 2521 1166 2608 ἐπιφάνειαν

143 2631 321 2719 γράφουσα
337 2631 465 2715 εὐθεῖα,
485 2626 502 2698 ὁ
519 2634 591 2714 ΒΓ,
610 2627 665 2695 καὶ
685 2627 838 2714 εἰλήφθω
858 2626 911 2715 ἐφ’
929 2625 1166 2716 ὁποτερασούυ

143 2741 210 2804 τῶν
238 2735 321 2804 κατὰ
348 2735 503 2824 κορυφὴν
527 2737 732 2821 ἐπιφανειῶν
760 2733 823 2803 δύο
848 2733 1030 2822 σημεῖατὰ
1054 2745 1102 2823 Δ,
1123 2747 1165 2826 Ε,

144 2844 201 2910 καὶ
220 2845 449 2930 ἐπιζευχθεῖσα
473 2840 493 2927 ἡ
516 2848 586 2908 ΛΕ
607 2840 651 2928 μὴ
676 2845 798 2911 νενέτω
822 2841 874 2909 ἐπὶ
898 2839 935 2908 τὸ
955 2850 987 2906 A
1010 2858 1164 2928 σημεῖον.

92 2960 125 3010 25
146 2951 247 3034 λε’γω,
280 2946 331 3016 ὅτι
359 2945 379 3035 ἡ
408 2956 476 3016 ΛΕ
505 2945 599 3027 ἐντὸς
627 2951 718 3014 ἐσται
744 2951 802 3034 τῇς
832 2950 1025 3034 ἐπιφανείας
1057 2951 1116 3016 καὶ
1140 2947 1163 3038 ἡ

144 3051 193 3122 ἐπ’
215 3052 351 3133 εὐθείας
375 3052 458 3143 αὐτῇ
481 3053 582 3133 ἐκτός.

211 3162 464 3247 ἐπεζεύχθωσαν
496 3162 533 3227 αί
564 3166 641 3243 ΑΕ,
669 3162 741 3226 ΑΛ
776 3161 832 3226 καὶ
865 3158 1164 3245 ἐκβεβλήσθωσαν·

145 3271 326 3335 πεσοῦνται
351 3263 392 3352 θῇ
417 3265 469 3334 ἐπὶ
487 3263 548 3352 τῇν
566 3268 628 3333 τοῦ
646 3264 773 3333 κύκλον
791 3267 1014 3351 περιφέρειαν.
1047 3272 1164 3338 πιπτέ·

215 3434 243 3555 Ξ,
259 3423 345 3498 καθ’]
366 3443 418 3490 οτι
437 3446 485 3481 κα·
504 3441 585 3480 οοεα.
600 3424 634 3493 V,
653 3442 712 3495 rep.
728 3443 782 3495 mg.
799 3443 834 3480 m.
849 3440 902 3482 ree.
961 3430 1002 3478 10.
1021 3421 1162 3502 πόρισμα]

143 3514 197 3554 om.
244 3541 250 3552 .
