2438 3892
149 149 190 214 16
538 150 706 204 ΚΩΝΙΚΩΝ
725 147 768 205 α’.

150 297 252 359 ΑΒΓ
271 293 431 383 ἐπιπέδῳ,
461 289 579 359 εὐθεῖα
601 289 667 376 ἄρα
691 292 781 359 ἐστὶν
804 289 825 378 ἡ
851 298 968 361 ΔΗΕ.
1012 295 1179 383 εἰλήφθω

149 397 190 484 δή
213 426 245 466 τι
269 411 410 485 σημεῖον
438 399 490 465 ἐπὶ
513 402 572 483 τῆς
596 404 664 464 ΔΕ
690 401 845 485 γραμμῆς
871 396 910 466 τὸ
935 405 979 485 Θ,
1013 403 1077 468 καὶ
1107 405 1179 472 ἐπι-

148 511 323 593 ζευχθεῖσα
351 503 371 591 ἡ
401 511 466 572 ΑΘ
495 503 719 590 ἐκβεβλήσθω.
772 510 937 591 συμβαλεῖ
969 503 1012 592 δὴ
1043 512 1087 598 τῇ
1114 517 1183 580 ΒΓ

148 617 352 701 περιφερείᾳ.
384 611 597 698 συμβαλλέτω
616 609 698 677 κατὰ
716 610 755 678 τὸ
771 617 815 696 Κ,
837 612 893 678 καὶ
912 611 1177 700 ἐπεζεύχθωσαν

112 721 188 784 σαί
213 726 295 803 ΗΘ,
323 725 398 785 ΖΚ.
451 718 508 783 καὶ
535 716 605 784 ἐπεὶ
634 715 696 784 δύο
731 719 870 812 ἐπίπεδα
902 717 1106 807 παράλληλα
1137 721 1178 791 τὰ

149 832 229 909 ΔΕ,
253 830 321 891 ΒΓ
344 821 409 891 ὑπὸ
435 824 595 891 ἐπιπέδου
617 820 709 902 τινὸς
731 825 883 909 τέμνεται
906 827 967 892 τοῦ
990 833 1114 914 ΑΒΓ,
1143 832 1181 896 αί

150 930 262 997 κοιναὶ
286 927 398 998 αὐτῶν
421 930 520 1016 τομαὶ
537 929 751 1016 παράλληλοί
765 935 842 997 είσι·
866 929 1088 1017 παράλληλος
1106 933 1177 1023 ἄρα

147 1036 240 1103 ἐστὶν
264 1033 284 1122 ἡ
310 1043 380 1103 ΛΕ
400 1039 440 1122 τῇ
464 1041 533 1103 ΒΓ.
580 1033 637 1101 διδι
659 1033 700 1100 τὰ
724 1032 810 1103 αὐτὰ
838 1034 880 1122 δι]
907 1034 1006 1123 καὶὴ
1034 1042 1110 1108 ΗΘ
1135 1046 1176 1130 τῇ

149 1148 215 1208 ΚΖ
239 1142 459 1230 παράλληλος.
495 1145 586 1207 ἐστιν
609 1139 674 1228 ἄρα
698 1141 741 1221 ὡς
765 1139 785 1228 ἡ
806 1150 872 1208 ΖΑ
894 1140 977 1228 πρὸς
999 1143 1068 1230 τὴν
1088 1155 1175 1235 ΑΗ,

95 1258 128 1306 10
149 1245 255 1327 οὕτως
283 1247 304 1334 ἥ
328 1274 363 1314 τε
387 1254 448 1314 ΖΒ
477 1244 560 1334 πρὸς
584 1254 660 1314 ΔΗ
687 1248 744 1315 καὶ
771 1245 792 1334 ἡ
818 1255 883 1316 ΖΓ
905 1247 989 1334 πρὸς
1011 1256 1091 1320 ΗΕ
1116 1255 1175 1322 καὶ

146 1350 168 1440 ἡ
193 1362 260 1422 ΖΚ
281 1353 364 1443 πρὸς
382 1361 460 1425 ΗΘ.
500 1360 560 1422 καί
575 1359 661 1423 εἰσιν
685 1359 722 1422 αί
742 1368 831 1443 τρεῖς
854 1359 891 1421 αἱ
912 1362 986 1440 ΒΖ,
1005 1357 1091 1443 ΚΖ,
1111 1367 1180 1428 ΖΓ

147 1469 217 1529 ίσαι
236 1458 406 1549 ἀλλήλαις·
433 1462 489 1530 καὶ
508 1465 545 1528 αί
561 1475 649 1551 τρεῖς
668 1460 732 1549 ἄρα
752 1465 789 1528 αί
807 1469 891 1546 ΔΗ,
905 1467 946 1528 Η
947 1467 986 1548 Θ,
1000 1469 1078 1530 ΗΕ
1100 1474 1175 1535 ίσαι

147 1567 419 1655 είσὶνᾶλλήλαις.
457 1566 581 1654 ὁμοίως
605 1567 646 1655 δὴ
671 1569 835 1653 δείξομεν,
859 1565 911 1635 ὅτι
929 1567 985 1634 καὶ
1004 1580 1116 1639 πᾶσαι
1137 1577 1176 1643 αί

146 1671 212 1742 ἀπὸ
245 1679 306 1742 τοῦ
334 1681 374 1740 Η
402 1681 541 1761 σημείου
573 1673 657 1762 πρὸς
687 1674 748 1761 τὴν
776 1681 848 1741 ΔΕ
877 1672 1036 1761 γραμμὴν
1066 1701 1174 1766 προσ-

95 1794 127 1842 15
148 1784 327 1846 πίπτουσαι
350 1777 482 1847 εὐθεῖαι
504 1789 574 1847 ίσαι
598 1778 830 1866 ἄλληλαιςσ
778 1785 830 1847 είσ
831 1785 852 1848 ί.

212 1883 379 1965 κύκλος”
358 1913 424 1971 αρα
448 1883 577 1954 ἐστίν’
561 1913 581 1973 η
601 1893 634 1952 Δ
642 1893 671 1952 Ε
691 1886 825 1973 γραμμὴ
849 1885 887 1955 τὸ
912 1889 1056 1972 κέντρου
1083 1897 1172 1981 ἔχων

146 1991 199 2058 ἐπὶ
221 1996 283 2059 τοῦ
306 1990 435 2073 ἄξονος.

212 2098 268 2164 καὶ
296 2097 465 2186 φανερόν,
498 2097 549 2166 ὅτι
577 2097 614 2165 τὸ
642 2097 881 2186 περιεχόμενον
905 2102 1014 2185 σχῆμα
1038 2099 1112 2173 ὑπό
1137 2133 1171 2174 τε

146 2206 207 2270 τοῦ
231 2212 300 2271 ΔΕ
320 2203 447 2301 κύκλου
469 2205 525 2271 καὶ
547 2208 606 2290 τῆς
629 2202 951 2290 ἀπολαμβανομένης
973 2203 1031 2274 ὑπ’
1059 2209 1169 2280 αὐτοῦ

92 2325 127 2375 20
146 2308 231 2395 πρὸς
252 2314 299 2403 τῷ
322 2320 354 2378 Α
379 2317 503 2402 σημείῳ
526 2315 671 2396 κυνικῆς
694 2313 889 2398 ἐπιφανείας
911 2312 1021 2392 κοῦνός
1046 2316 1129 2384 ἐστι.

211 2419 266 2484 καὶ
283 2419 593 2502 συναποδέδεικται,
612 2415 664 2485 ὅτι
683 2415 703 2504 ἡ
723 2416 821 2504 κοινὴ
840 2418 924 2506 τομὴ
943 2421 1004 2485 τοῦ
1022 2421 1164 2508 τέμνον·

144 2550 200 2602 τος
223 2527 383 2594 ἐπιπέδου
410 2525 466 2592 καὶ
492 2529 553 2593 τοῦ
578 2523 634 2592 διὰ
663 2529 724 2593 τοῦ
752 2522 873 2605 ἄξονος
895 2522 1068 2611 τριγώνου
1094 2529 1166 2597 δια’-

144 2630 264 2718 μετρός
287 2634 356 2700 ἐστι
379 2635 440 2699 τοῦ
463 2630 598 2699 κύκλου.

633 2816 671 2858 ε.

90 2909 125 2957 25
210 2892 287 2962 Ἐδιυ
302 2900 411 2975 κῶνος
426 2896 591 2982 σκαληνὸς
605 2899 748 2987 ἐπιπέδῳ
763 2900 875 2984 τμηθῇ
891 2897 947 2963 διδι
960 2899 1021 2964 τοῦ
1040 2895 1165 2980 ἄξονος

145 2997 227 3088 πρὸς
256 2998 362 3087 ὀρθὰς
389 3013 429 3091 τῇ
457 3001 568 3088 βάσει,
599 3006 712 3090 τμηθῇ
741 3000 778 3069 δέ
804 3002 860 3068 καί
888 3001 988 3093 ἑτέρῳ
1016 3005 1163 3097 ἐπιπέδῳ

144 3105 228 3193 πρὸς
243 3104 350 3192 ὀρθὰς
364 3105 426 3193 μὲν
439 3112 486 3199 τῷ
502 3105 558 3176 διὰ
569 3119 630 3176 τοῦ
641 3107 761 3189 ἄξονος
774 3105 939 3199 τριγώνῳ,
954 3105 1163 3193 ἀφαιροῦντι

145 3212 183 3280 δέ
206 3211 289 3301 πρὸς
311 3239 351 3301 τη
374 3240 508 3302 κορυφη
531 3220 698 3302 τρίγωνον
723 3214 843 3300 ὅμοιον
867 3213 929 3301 μέν
952 3240 997 3305 τῳ
1024 3215 1083 3284 διδι
1102 3223 1163 3287 τοῦ

182 3353 386 3481 11τ6τὲμνετα
388 3376 398 3409 ι
420 3356 484 3428 τουῦ]
508 3355 586 3427 bis(
586 3355 616 3409 in
640 3357 708 3411 extr.
733 3357 761 3410 et
782 3372 823 3424 pr.
843 3354 959 3423 f01.,)V
987 3373 1057 3412 corr.
1079 3378 1116 3414 m.
1138 3366 1161 3415 1.

182 3425 293 3498 11.αί]
314 3426 436 3497 (ιδυμρ
455 3443 509 3481 om.
529 3426 563 3495 V,
575 3360 656 3481 (.corr
675 3445 711 3481 m.
731 3432 797 3482 2v.
870 3433 975 3482 20.ω
936 3448 975 3500 τῳ
962 3427 1160 3503 Αοημείῳ]

145 3497 204 3553 sine
224 3515 310 3552 causa
329 3516 387 3568 rep.
406 3516 463 3568 mg.
483 3517 519 3552 m
538 3514 593 3553 rec.
613 3498 645 3552 V.
