2438 3892
155 111 219 176 176
549 110 716 166 Κκαωκω
735 106 776 168 α’.

153 258 380 340 παρακείμενα
421 248 617 340 ὀρθογώνια
652 250 741 339 παρά
778 252 842 338 τήν
880 251 999 339 ἑτέραν
1037 249 1174 321 εὐθεῖαν

153 361 279 439 πλάτος
301 363 421 446 ἔχοντα
442 359 505 445 τήν
530 355 854 445 ἀναλαμβανομένην
877 354 935 426 ὑπ’
956 355 1075 428 αὐτῶν
1094 356 1174 448 πρὸς

153 471 193 555 vy}
221 469 355 554 κορυφῇ
383 476 441 551 τῆς
467 476 570 551 τομῆς
598 467 791 543 ἐλλείποντα
819 468 901 531 είδει
930 463 1039 557 ὁμοίῳ
1063 491 1101 534 τε
1121 466 1172 533 καί

155 570 279 660 ὁμοίως
307 573 452 663 κειμένῳ
480 575 525 663 τῷ
553 568 620 639 ὑπὸ
649 575 717 639 τῶν
745 575 915 639 δοθεισῶν
944 568 1096 640 εὐθειῶν
1121 596 1171 640 πε-

31 670 35 675 ’
119 679 345 770 τριεχομένῳ.
1102 672 1105 678 ’

221 790 371 852 ἔστωσαν
408 785 446 851 αί
477 786 632 850 δοθεῖσαι
666 781 728 850 δύο
762 779 894 851 εὐθεῖαι
928 786 966 850 αί
997 791 1080 871 ΑΒ,
1113 788 1173 853 ΑΓ

76 960 78 964 ,
154 889 238 980 πρὸς
267 886 376 976 ὀρθάς
404 887 576 975 άλλήλαις,
606 880 655 957 ὦν
682 894 802 976 μείζων
825 887 845 975 y}
870 897 948 957 AB·
997 895 1053 959 δελ
1075 889 1167 978 δήέν

154 1001 200 1087 τῷ
220 994 428 1087 ὑποκειμένῳ
449 997 592 1087 ἐπιπέδῳ
611 996 738 1084 γράψαι
758 1001 917 1083 ἔλλειψιν,
940 987 981 1082 ής
1001 996 1167 1086 διάμετρος
1215 1048 1217 1099 y

156 1102 217 1190 μέν
241 1107 332 1170 ἔσται
355 1099 376 1188 ἡ
401 1110 482 1186 ΑΒ,
509 1103 642 1191 κορυφή
668 1102 706 1170 δέ
729 1103 766 1170 τὸ
791 1111 834 1189 Α,
859 1100 962 1189 ὀρθία
987 1101 1026 1171 δὲ
1050 1101 1072 1190 ἡ
1095 1108 1165 1187 ΛΓ,
1215 1104 1217 1137 ³

104 1237 137 1285 10
156 1212 193 1276 αί
219 1209 257 1276 δὲ
285 1208 509 1296 καταγόμεναι
532 1208 802 1296 καταχθήσονται
827 1205 891 1276 άπδ
916 1219 973 1295 τῆς
996 1222 1101 1297 τομῆς
1121 1209 1166 1278 ἐπὶ

156 1312 218 1403 τήν
242 1321 307 1383 AB
332 1317 368 1383 ἐν
393 1315 557 1404 δεδομένῳ
581 1320 688 1405 γωνίᾳ
710 1315 767 1382 καὶ
791 1313 999 1401 δυνήσονται
1020 1313 1063 1382 τά
1087 1314 1165 1402 παρὰ

154 1421 215 1508 τὴν
240 1430 273 1489 A
278 1429 311 1490 Γ
334 1426 561 1511 παρακείμενα
583 1422 689 1508 πλάτη
714 1425 834 1508 ἔχοντα
856 1418 915 1501 τάς
938 1418 1167 1509 ἀπολαμβανο-

154 1531 256 1616 μένας
283 1527 339 1597 ὑπ’
371 1526 484 1597 αὐτῶν
513 1526 595 1615 πρὸς
617 1530 663 1619 τῷ
687 1536 719 1596 A
742 1530 937 1596 ἐλλείποντα
960 1532 1045 1596 είδει
1070 1526 1154 1619 ὁμοί,
1215 1522 1217 1547 ⁵

154 1662 189 1703 τε
212 1636 268 1703 καὶ
293 1633 417 1722 ὁμοίως
438 1636 579 1725 κειμένῳ
602 1638 647 1725 τῷ
672 1631 737 1702 ὑπὸ
761 1637 829 1701 τῶν
852 1640 961 1702 ΒΑΓ.

104 1768 137 1818 15
221 1747 307 1809 ἐστω
341 1740 379 1807 δέ
410 1738 431 1827 v}
467 1744 609 1807 δοθεῖσα
640 1745 748 1825 γωνία
780 1740 945 1828 πρότερον
979 1739 1084 1830 ὀρθή,
1118 1741 1169 1809 καί

156 1845 326 1914 ἀνεστάτω
350 1844 418 1913 άπὸ
441 1856 498 1931 τῆς
522 1851 589 1912 ΑΒ
612 1847 770 1914 ἐπίπεδον
795 1843 904 1933 ὀρθδν
927 1845 1011 1935 πρὸς
1034 1846 1074 1916 τὸ
1096 1845 1170 1916 ὑπο·

155 1957 325 2038 κείμενον,
358 1952 413 2019 καὶ
446 1954 483 2019 ἐν
516 1949 605 2044 αὐτῷ
639 1954 692 2021 ἐπὶ
723 1964 781 2039 τῆς
809 1961 874 2021 AB
906 1964 1017 2040 τμῆμα
1050 1953 1171 2023 κύκλον

154 2055 340 2145 γεγράφθω
368 2058 406 2125 τὸ
436 2065 556 2143 ΑΔΒ,
590 2049 630 2126 οὗ
659 2063 834 2146 διχοτομία
861 2064 944 2127 ἔστω
972 2058 1009 2127 τὸ
1039 2069 1090 2148 Δ,
1119 2060 1171 2129 καὶ

157 2163 409 2252 ἐπεζεύχθωσαν
438 2169 475 2232 αί
497 2173 584 2251 ΛΑ,
613 2174 695 2252 ΔΒ,
723 2167 780 2233 καὶ
806 2170 932 2233 κείσθω
959 2170 1000 2254 vy}
1024 2172 1095 2235 ΑΓ
1119 2175 1172 2253 ίσή

102 2269 176 2358 2οή
207 2275 287 2359 ΑΞ,
315 2273 371 2340 καὶ
400 2271 455 2339 διὰ
484 2276 546 2340 τοῦ
574 2275 604 2349 Ξ
628 2276 668 2360 vy}
691 2280 760 2340 AB
788 2273 999 2360 παράλληλος
1026 2274 1125 2361 ήχθω
1152 2271 1172 2360 ἡ

156 2385 232 2466 ΞΟ,
258 2378 313 2447 διὰ
334 2379 371 2446 δὲ
389 2383 449 2445 τοῦ
470 2385 498 2444 O
516 2381 555 2466 vy}
575 2386 640 2446 AB
658 2380 869 2466 παράλληλος
887 2377 908 2465 ἡ
930 2386 1006 2465 ΟΖ,
1030 2381 1087 2449 καὶ
1107 2383 1176 2449 ἐπε-

157 2487 285 2574 ζεύχθω
320 2483 340 2573 ή
372 2493 442 2552 ΛΖ
473 2486 529 2552 καὶ
563 2486 772 2571 συμπιπτέτω
805 2490 844 2574 vy}
874 2493 939 2552 AB
972 2488 1174 2576 ε’κβλήθείσῳ

156 2594 238 2662 κατά
267 2592 305 2661 τὸ
334 2600 375 2659 Ε·
423 2598 514 2660 ἔσται
543 2592 601 2678 δή,
631 2589 676 2671 οδς
703 2590 723 2678 v}
752 2599 818 2658 AB
846 2592 930 2679 πρὸς
955 2600 1036 2681 ΑΓ,
1065 2592 1085 2681 y}
1110 2603 1175 2663 BA

155 2699 238 2786 πρὸς
266 2701 345 2784 ΑΞ,
379 2700 551 2766 τουτέστιν
578 2697 598 2785 ἡ
628 2707 698 2765 ΛΑ
726 2696 810 2784 πρὸς
837 2706 920 2784 ΑΟ,
951 2701 1125 2769 τουτέστιν
1154 2697 1174 2788 v}

103 2829 137 2877 κσ
157 2812 227 2871 ΛΕ
257 2803 340 2891 πρὸς
368 2813 440 2873 ΕΖ.
489 2805 544 2872 καί
573 2803 825 2891 ἐπεζεύχθωσαν
854 2809 891 2872 αί
916 2813 996 2891 ΑΖ,
1030 2813 1091 2874 ΖΒ
1120 2809 1173 2874 καλ

156 2909 453 2995 ἐκβεβλήσθωσαν,
481 2912 536 2978 καί
564 2910 717 2997 είλήῳθω
741 2911 794 2978 ἐπὶ
817 2923 874 2997 τῆς
898 2918 966 2978 ΖΑ
988 2914 1093 2999 τνχδν
1118 2934 1173 3001 σή·

155 3028 251 3101 μεῖον
274 3014 312 3082 τὸ
337 3022 382 3101 Η,
407 3017 463 3083 καί
487 3014 532 3084 δι’
559 3014 665 3086 αὐτοῦ
687 3021 727 3105 vy}
751 3025 822 3084 ΔΕ
842 3018 1055 3104 παράλληλος
1077 3017 1173 3107 ήχθω

157 3120 178 3208 ἡ
197 3128 235 3187 Η
239 3128 269 3187 Λ
292 3121 347 3188 καὶ
372 3125 581 3207 συμπιπτέτω
604 3128 645 3211 τῇ
664 3132 730 3191 ΑΒ
748 3129 948 3212 ἐκβληθείσή
967 3124 1051 3192 κατά
1070 3124 1109 3194 τὸ
1125 3110 1173 3194 'K‘

156 3226 370 3313 ἐκβεβλήσθω
399 3229 441 3314 δή
471 3225 491 3315 ἡ
517 3235 579 3295 ΖΟ
605 3230 660 3297 καὶ
689 3231 898 3317 συμπιπτέτω
926 3234 966 3318 vy}
990 3238 1065 3299 HK
1091 3230 1174 3302 κατά

229 3393 269 3442 13.
289 3387 340 3460 τῷ]
361 3404 383 3454 ο,
403 3402 472 3441 corr.
492 3405 526 3442 ex
545 3385 576 3443 τό
597 3408 633 3443 m.
654 3395 668 3443 1
687 3390 722 3446 V.
797 3397 838 3445 15.
858 3389 903 3461 δέ]
922 3389 986 3445 fort.
1007 3388 1054 3462 δή.
1129 3396 1174 3449 δο·

155 3459 254 3530 θεῖσα]
275 3475 297 3528 c,
316 3461 339 3513 θ
358 3474 428 3512 corr.
448 3475 481 3513 ex
500 3461 518 3512 δ
536 3478 573 3518 m.
594 3468 607 3514 1
630 3461 661 3517 V.
