2438 3892
423 133 639 186 cormorrun
656 135 765 186 oman
782 136 805 187 1.
1057 134 1120 199 159

171 274 234 343 His
253 278 363 341 autem
381 275 612 342 demonstratis
633 277 731 342 simul
749 277 894 362 adparet,
911 277 946 342 in
964 279 1122 362 parabola

99 404 217 451 omnes
243 386 351 449 reotas
380 382 540 448 diametro
569 383 721 468 originali
746 384 923 468 parallelas
946 384 1120 451 diametros

99 511 174 557 osae
202 492 307 575 [prop.
334 487 471 573 XLVH,
497 489 534 553 in
560 489 739 574 hyperbole
767 493 875 555 autem
900 493 934 554 et
956 489 1064 575 ellipsi
1088 496 1120 556 et

99 594 262 681 oppositis
299 616 413 661 omnes
449 597 555 660 rectas
591 617 649 679 per
685 599 831 661 centrum
869 596 982 661 ductas
1017 596 1120 681 [prop.

99 699 453 787 XLVII-mnu,
481 703 514 766 et
540 702 576 766 in
601 703 759 786 parabola
781 707 887 768 rectas
911 703 952 768 ad
975 703 1121 788 singulas

100 808 278 875 diametros
307 807 572 893 contingentibus
599 808 775 892 parallelas
803 809 915 875 ductas
945 810 1120 895 quadratas

99 914 252 999 aequales
299 935 371 980 esse
413 915 613 998 reetangulis
655 915 826 1000 adplicatis
867 915 971 981 eidem
1012 919 1120 982 rectae

97 1020 204 1105 [prop.
222 1018 355 1106 XLIX]‚
376 1020 411 1085 in
429 1020 613 1104 hyperbole
631 1023 740 1086 antem
760 1022 984 1108 oppositisque
1003 1022 1119 1108 spatiis

97 1126 204 1193 eidem
230 1129 339 1191 reotae
367 1126 538 1210 adplicatis
566 1130 599 1190 et
627 1126 738 1191 eudem
762 1127 868 1211 figura
891 1128 1119 1194 excedentibus

98 1234 207 1318 [prop.
233 1231 379 1317 L-L1]‚
406 1232 441 1296 in
468 1232 575 1316 ellipsi
606 1236 714 1297 autem
741 1234 857 1316 spatiis
885 1234 989 1300 eidem
1011 1239 1119 1301 reetae

97 1338 271 1423 udplioetis
299 1342 333 1403 et
360 1337 472 1403 eudem
499 1338 605 1423 figura
629 1338 851 1404 deficientibus
875 1341 980 1425 [prop.
1002 1340 1042 1420 L]
1048 1390 1057 1423 ‚
1085 1344 1118 1405 et

99 1445 224 1531 omnio,
246 1466 329 1530 quae
353 1447 450 1509 antea
473 1444 767 1510 demonstrauimus
790 1444 826 1509 in
845 1446 1044 1510 sectionibus
1064 1445 1119 1510 ad-

99 1552 207 1619 oidore
236 1550 395 1617 adhibitis
421 1550 588 1616 diametris
611 1550 861 1637 principalibus,
882 1550 981 1616 etiarn
1005 1552 1119 1616 ceteris

101 1657 273 1725 diametris
297 1656 479 1741 adsumptis
503 1656 616 1722 eadem
641 1655 794 1721 adridere.

577 1904 646 1969 LII.

168 2048 257 2115 Data
270 2048 305 2113 in
318 2049 416 2133 plano
431 2048 568 2113 reatuin
582 2068 647 2112 uno
661 2050 782 2131 puncto
791 2048 967 2115 terminata
976 2050 1119 2134 inplano

99 2155 249 2223 inuenire
260 2155 333 2221 eoni
343 2154 528 2238 sectionem,
535 2154 692 2239 parabola
701 2175 783 2237 quae
792 2159 937 2240 uocatur,
947 2156 995 2221 ita
1003 2160 1040 2221 ut
1050 2157 1119 2220 eius

99 2262 280 2329 diametrus
290 2261 334 2325 sit
343 2261 420 2325 datu
432 2262 530 2342 reeta,
543 2262 655 2324 uertex
666 2264 773 2324 autem
784 2261 942 2325 terminus
956 2264 1073 2345 reatae,
1087 2265 1120 2325 et

101 2389 314 2455 quaeeunque
328 2370 417 2432 reeta
429 2387 448 2430 a
459 2368 601 2431 sectione
611 2367 643 2431 in
656 2366 733 2432 dato
744 2367 864 2452 angulo
875 2365 916 2430 ad
926 2366 1120 2430 diametrum

93 2475 241 2559 ducitur,
264 2474 423 2559 quadratu
447 2473 591 2557 aequalis
611 2473 656 2538 sit
674 2472 865 2557 rectangulo
885 2471 1118 2555 comprehenso

97 2581 239 2649 reotaab
249 2601 287 2645 ea
295 2579 499 2646 aduertioem
507 2579 659 2644 sectionis
668 2579 794 2643 abscisa
802 2579 931 2662 aliaque
939 2578 1027 2640 reeta
1035 2574 1118 2640 dato.

166 2687 330 2772 positione
350 2685 425 2751 data
444 2685 487 2750 sit
505 2687 593 2749 reeta
611 2688 677 2748 AB
697 2683 730 2746 in
745 2689 777 2747 A
791 2682 976 2765 terminata,
995 2682 1119 2766 magni-

95 2794 211 2861 tudine
234 2796 343 2859 autem
366 2792 432 2856 alia
455 2794 530 2878 ΓΔ,
553 2791 693 2875 angulus
717 2792 825 2853 autem
849 2788 944 2852 datus
967 2789 1056 2873 prius
1076 2789 1119 2853 sit

70 2910 73 2915 '
97 2904 217 2968 reotus.
262 2901 392 2984 oportet
420 2897 520 2983 igitur
542 2898 577 2962 in
599 2897 698 2981 pleno
722 2895 903 2960 subiacenti
925 2896 1118 2981 parabolam

98 3008 257 3090 inuenire,
275 3006 322 3070 ita
340 3009 377 3070 ut
397 3005 465 3070 eius
481 3004 656 3069 diametrus
675 3002 720 3066 sit
734 3006 808 3088 AB,
826 3005 939 3067 uertex
954 3005 1062 3068 autem
1077 3008 1118 3083 A,

97 3112 188 3179 latus
211 3115 321 3178 autem
343 3115 467 3177 rectum
491 3112 565 3194 ΓΔ,
589 3112 622 3173 et
644 3111 750 3174 rectae
775 3110 921 3174 ordinate
945 3109 1060 3175 ductae
1083 3110 1117 3174 in

97 3222 189 3287 reoto
213 3219 334 3305 angulo
358 3218 477 3283 ducant
478 3239 529 3300 ur,
552 3216 583 3282 h.
609 3238 634 3280 e
657 3216 704 3280 ita
727 3218 764 3281 ut
786 3220 851 3281 AB
875 3217 944 3281 axis
969 3217 1022 3283 sit.

137 3344 366 3431 -tproduoaur
398 3347 463 3407 AB
491 3341 532 3406 ad
559 3345 651 3425 E,e
653 3345 841 3406 ttsumaur
869 3344 993 3406 FH==
1010 3325 1118 3431 {M

99 3472 134 3537 ot
161 3469 206 3536 sit
229 3472 296 3533 ΕΛ
309 3478 344 3542 >
360 3469 440 3551 ΓΗ,
471 3469 617 3531 sumatur
643 3470 699 3531 aut
701 3488 750 3530 em
776 3470 804 3531 Θ
826 3467 934 3531 modia
957 3484 1008 3528 reo
1010 3464 1117 3526 tarum
