2438 3892
123 163 187 226 278
520 161 688 215 Κωωικωα
706 157 744 231 β’.

191 311 273 373 ἔστω
298 303 461 396 πρότερον
486 302 537 370 ἐπὶ
560 314 617 387 τῆς
642 313 743 388 τομῆς
766 298 811 381 ὡς
833 298 871 368 τὸ
895 309 943 386 Α,
967 300 1020 367 καὶ
1042 325 1120 385 γεγο-

122 415 218 499 νέτω,
241 411 296 478 καὶ
321 415 403 478 ἔστω
428 410 639 496 ἐφαπτομένη
659 409 679 494 ἤ
698 417 730 476 A
736 415 784 493 H,
807 405 979 495 καὶῆχθω
998 405 1121 485 κάθετος

124 517 144 607 ἤ
174 528 259 603 ΑΔ,
291 522 414 602 πλαγία
448 515 485 583 δὲ
518 518 579 583 τοῦ
1019 535 1045 586 Ζ

124 629 237 703 εἴδους
273 621 399 709 πλευρὰ
439 627 521 690 ἔστω
558 619 578 706 ἤ
1048 630 1054 642 ¹

88 737 198 804 σΒΓ·
223 736 314 798 ἔσται
334 729 388 815 ὃῆ,
408 725 579 814 ὡςῆΓΔ
938 680 1048 889 ᾔ

1 867 3 871 ·
123 836 206 925 πρὸς
227 843 309 921 ΛΒ,
339 833 444 915 οὕτως
468 832 488 921 ἤ
513 840 585 902 ΓΗ
655 827 690 878 l'
787 788 977 890 OJA

123 942 207 1030 πρὸς
226 951 304 1011 ΗΒ.
337 940 437 1028 λόγος
461 942 498 1008 δὲ
522 953 579 1026 τῆς
914 906 947 956 B
1025 907 1056 959 Δ

123 1056 187 1118 ΓΔ
200 1048 360 1137 πρὸςΛΒ
377 1052 504 1128 ὃοθείς·
524 1052 578 1116 60-

123 1166 223 1223 θεῖσα
233 1154 296 1241 γὰρ
308 1155 458 1242 ἑκατέρα·
477 1154 577 1241 λόγος
998 1163 1033 1213 B

72 1285 106 1333 10
125 1261 191 1347 ἄρα
214 1261 349 1346 καὶτῆς
373 1267 442 1329 ΓΗ
465 1263 547 1349 πρὸς
569 1269 638 1331 ΗΒ
662 1266 786 1344 δοθείς.
827 1270 885 1330 καί
906 1264 975 1330 ἐστι
1000 1268 1125 1332 δοθεῖσα

123 1365 243 1453 ἤΒΓ·
277 1366 384 1435 δοθὲν
407 1367 473 1453 ἄρα
492 1366 529 1435 τὸ
547 1375 591 1435 Η.
634 1365 718 1436 ἀλλὰ
742 1368 854 1436 καὶτὸ
875 1377 920 1435 Α·
953 1369 1049 1437 θέσει
1071 1367 1126 1455 ἄρα

123 1472 144 1561 ἤ
169 1482 248 1543 ΛΗ.

192 1579 434 1667 συντεθῆσεται
463 1581 581 1662 οὕτως·
628 1580 725 1669 ἤχθω
753 1579 818 1650 ἀπὸ
846 1585 907 1649 τοῦ
936 1591 968 1648 Α
996 1581 1126 1659 αοέθετος

124 1684 145 1774 ἤ
169 1696 255 1774 ΑΔ,
278 1689 334 1754 καὶ
356 1691 403 1781 τῷ
427 1700 485 1774 τῆς
503 1693 571 1755 ΓΔ
593 1687 677 1775 πρὸς
696 1694 763 1755 ΔΒ
787 1687 874 1779 λόγῳ
894 1687 912 1756 ὁ
933 1687 1035 1767 αὐτὸς
1056 1693 1126 1756 ἔστω

75 1817 107 1866 15
128 1790 145 1861 ὁ
169 1805 226 1878 τῆς
249 1799 322 1860 ΓΗ
339 1791 423 1880 πρὸς
441 1801 525 1879 ΗΒ,
547 1795 603 1861 καὶ
623 1792 808 1881 ἐπεζεύχθω
831 1791 852 1880 ἤ
872 1803 953 1863 ΑΗ.
992 1790 1127 1882 φανερὸν

124 1898 181 1983 θῆ,
206 1897 257 1965 ὅτι
280 1896 301 1983 ἤ
325 1906 402 1967 ΑΗ
421 1899 600 1985 ἐφάπτεται
623 1913 681 1986 τῆς
704 1911 813 1987 τομῆς.

190 2005 292 2071 πάλιν
321 2002 363 2089 δὴ
392 2008 475 2071 ἔστω
503 2003 541 2073 τὸ
569 2006 675 2075 δοθὲν
699 2019 837 2094 σημεῖον
861 2007 913 2074 ἐπὶ
936 2012 999 2076 τοῦ
1021 2006 1127 2089 ἄξονος

122 2109 159 2178 τὸ
179 2117 225 2195 Η,
247 2110 300 2177 καὶ
322 2113 498 2195 γεγονέτω,
521 2112 576 2179 καὶ
595 2111 692 2199 ἤχθω
711 2110 732 2199 ἤ
752 2121 825 2181 ΑΗ
843 2115 1066 2201 ἐφαπτομένη,
1082 2111 1128 2180 καὶ

122 2216 265 2295 κάθετος
288 2216 384 2302 ἤχθω
409 2214 429 2302 ἡ
454 2226 533 2284 ΑΛ.
575 2217 658 2286 κατὰ
683 2217 723 2286 τὰ
748 2217 832 2287 αὐτὰ
857 2218 898 2306 δὴ
923 2224 1027 2304 ἔσται,
1050 2213 1127 2301 ὡςῆ

71 2349 105 2397 20
124 2329 196 2390 ΓΗ
213 2322 296 2412 πρὸς
319 2330 404 2408 ΗΒ,
430 2321 532 2403 οὕτως
555 2323 575 2410 ἡ
601 2330 662 2392 ΓΔ
685 2325 768 2413 πρὸς
790 2333 865 2394 ΔΒ.
912 2333 971 2393 καί
992 2329 1060 2394 ἐστι
1083 2329 1128 2391 δο-

123 2441 223 2499 θεῖσα
252 2428 271 2517 ἤ
297 2437 372 2497 BF·
420 2430 525 2498 δοθὲν
554 2429 620 2516 ἄρα
647 2432 684 2499 τὸ
710 2441 751 2499 Δ,
797 2438 855 2499 καί
881 2435 971 2499 ἐστιν
1001 2430 1086 2518 ὀρθὴ
1113 2427 1127 2514 ἡ

125 2548 208 2604 ΔΑ·
250 2540 345 2606 θέσει
369 2536 435 2623 ἄρα
459 2538 549 2604 ἐστὶν
573 2535 593 2622 ἤ
618 2546 696 2606 ΔΑ.
737 2541 832 2606 θέσει
857 2538 894 2605 δὲ
918 2538 973 2604 καὶ
997 2537 1018 2624 ἡ
1042 2536 1128 2623 τομή·

125 2646 229 2713 δοθὲν
245 2645 310 2730 ἄρα
325 2643 362 2711 τὸ
378 2654 417 2711 Α.
443 2642 526 2711 ἀλλὰ
542 2643 649 2711 καὶτὸ
666 2652 712 2712 H·
732 2645 826 2711 θέσει
841 2643 907 2727 ἄρα
922 2646 1013 2712 ἐστὶν
1030 2642 1130 2729 ἤΑΗ.

191 2750 432 2835 συντεθῆσεται
457 2748 498 2835 δὴ
523 2748 640 2829 οὕτως·
687 2750 880 2818 ὑποκείσθω
904 2749 945 2816 τὰ
968 2750 1031 2837 μὲν
1056 2749 1130 2818 ἄλλα

71 2877 105 2923 ‘25
124 2853 163 2919 τὰ
194 2851 295 2937 αὐτοί,
329 2857 384 2925 καὶ
412 2860 457 2947 τῷ
487 2859 545 2940 τῆς
572 2862 644 2924 ΓΗ
667 2860 750 2944 πρὸς
777 2864 845 2923 ΗΒ
874 2855 962 2947 λόγῳ
993 2854 1010 2925 ὁ
1041 2856 1131 2932 αὐτὸς

123 2957 319 3041 πεποιήσθω
340 2958 357 3026 ὁ
378 2974 434 3047 τῆς
449 2967 511 3028 ΓΔ
529 2967 612 3047 πρὸς
627 2973 660 3030 Δ
666 2972 705 3048 Β,
724 2963 780 3030 καὶ
800 2960 889 3049 ὀρθὴ
908 2961 1006 3049 ἤχθω
1021 2961 1043 3058 ἡ
1060 2971 1130 3037 AA,

123 3064 179 3130 καὶ
199 3064 385 3150 ἐπεζεύχθω
405 3065 425 3152 ἤ
442 3075 520 3133 ΑΗ.
558 3075 709 3157 φανερὸν
729 3068 783 3155 δή,
804 3067 855 3137 ὅτι
873 3071 893 3154 ἤ
909 3077 941 3134 Α
947 3076 985 3135 Η
999 3084 1091 3137 ποιεῖ
1102 3071 1131 3135 τὸ

123 3169 309 3255 πρόβλημα,
333 3173 388 3238 καὶ
413 3171 464 3241 ὅτι
488 3169 552 3241 ἀπὸ
575 3180 637 3244 τοῦ
655 3183 695 3243 Η
713 3175 897 3262 ἆχθῆσεται
921 3175 1016 3260 ἑτέρα
1037 3179 1131 3262 ἐφαπ-

123 3278 245 3362 τομένη
270 3287 325 3360 τῆς
348 3290 451 3366 τομῆς
474 3281 526 3347 ἐπὶ
551 3280 591 3348 τὰ
615 3284 709 3367 ἕτερα
733 3286 825 3369 μέρη.

196 3443 220 3492 8.
240 3436 304 3507 ΔΒ]
324 3440 373 3490 ΑΒ
393 3437 430 3502 V;
452 3456 521 3493 corr.
541 3458 568 3508 p.
641 3447 683 3496 21.
705 3443 771 3514 ΒΓ]
793 3447 871 3496 ΒΓΔ
891 3441 927 3509 V3
948 3458 1017 3495 corr.
1039 3443 1133 3510 Halley

124 3512 205 3580 (ΓΒ).
279 3514 320 3563 24.
342 3505 389 3579 δή]
411 3509 443 3563 δέ
462 3508 574 3576 Halley.
