2438 3892
130 134 197 199 322
524 130 693 185 ΚΩΝῙΚΩΝ
711 125 751 199 ι’·

127 276 184 344 καὶ
217 272 445 364 ἐφαπτόμεναι
478 276 516 340 αλ
540 276 656 356 ΑΕΓ,
685 277 805 356 ΒΕΔ,
837 268 1013 357 διάμετροι
1045 269 1080 338 δὲ
1103 272 1131 336 ολ

129 391 216 468 ΑΔ,
239 387 317 467 ΒΓ,
343 381 399 448 καὶ
428 377 581 465 εἰλήφθω
607 403 640 446 τι
663 389 803 464 σήμεῖον
827 375 882 444 έπὶ
903 387 962 463 τῆς
984 387 1082 464 τομής
1101 374 1130 444 τὸ

128 497 174 575 Η,
187 489 244 556 καὶ
258 488 420 574 ἤχθωσαν
434 483 524 573 παρὰ
538 485 597 564 τὰς
609 483 840 570 ἐφαπτομένας
850 485 889 550 αλ
894 488 1019 568 ΗΚΛ,
1029 489 1132 552 ΗΜΖ.

129 597 227 681 λέγω,
251 594 304 662 ὅτι
327 601 403 661 λ’σον
427 591 495 660 ἐστὶ
518 593 555 658 τὸ
574 595 635 659 ΑΙ
637 596 682 656 Μ
698 595 866 679 τρίγωνον
884 592 931 682 τῷ
951 595 1082 657 ΓΛΗΙ
1093 617 1131 658 τε·

93 701 333 792 στραπλεύρφ.

197 806 266 875 ἐπεὶ
299 803 363 893 γὰρ
397 804 561 871 δέδεικται
593 806 630 871 τὸ
658 809 732 870 ΗΚ
740 809 777 869 Μ
806 807 976 888 τρίγωνον
1005 805 1051 895 τῷ
1078 809 1135 868 ΑΛ

128 911 359 1001 τετραπλεύρῳ
393 918 485 996 λσον,
517 912 635 977 κοινὸν
662 914 876 996 προσκείσθω
904 904 926 995 ή
955 906 1134 998 ἀφῃρήσθω

129 1024 166 1087 τὸ
190 1024 214 1085 I
216 1025 251 1086 K
277 1015 537 1104 τετράπλευρον,
564 1014 621 1082 καὶ
643 1020 771 1102 γίνεται
794 1018 831 1083 τὸ
855 1021 915 1083 AI
917 1022 963 1083 M
980 1021 1136 1102 τρίγωνον

129 1133 205 1194 ἴσον
229 1128 274 1218 τῷ
299 1129 370 1192 ΓΗ
388 1119 629 1214 τετραπλεύρῳ.

77 1248 110 1298 10

616 1325 637 1384 φ
652 1352 658 1365 .

200 1430 275 1493 Τῶν
300 1422 411 1527 αὐτήν
436 1422 666 1510 ὑποκειμένων
691 1421 751 1492 έάν
775 1422 827 1490 ἐπὶ
849 1426 908 1509 τής
926 1426 1033 1511 τομής
1050 1419 1071 1510 ή
1088 1433 1138 1509 τῆς

127 1536 340 1623 περιφερείας
364 1538 386 1618 β
414 1545 534 1620 σημεῖα
562 1532 696 1620 λ’ήφθή,
724 1527 779 1597 καὶ
807 1526 853 1597 δι’
880 1525 996 1597 αὐτῶν
1023 1530 1137 1619 παράλ-

128 1646 224 1725 ληλοι
252 1635 385 1725 ἆχθῶσι
407 1652 479 1718 ταῖς
502 1637 747 1725 έφαπτομέναις
770 1637 831 1715 ἕως
852 1639 921 1702 των
946 1639 1139 1725 διαμέτρων,

127 1770 167 1811 τα
187 1743 349 1831 γινόμενα
367 1742 432 1813 ὑπὸ
451 1746 519 1813 των
539 1741 708 1830 ἀχθεισῶν
727 1743 962 1837 τετράπλενρα,
981 1743 1139 1830 βεβηκότα

75 1867 109 1917 15
129 1849 166 1918 δὲ
189 1849 333 1918 ἐπὶτῶν
357 1852 559 1938 διαμέτρων,
583 1858 638 1918 λσα
663 1854 754 1918 ἔσται
777 1845 944 1935 ἀλλήλοις.

195 1959 278 2022 ἔστω
309 1953 372 2043 γὰρ
396 1955 417 2042 ή
439 1953 524 2042 τομή
547 1956 603 2023 καὶ
627 1959 664 2022 αλ
686 1953 912 2042 ἐφαπτόμεναι
935 1954 992 2024 καὶ
1017 1960 1054 2025 αλ
1074 1954 1138 2024 διά·

128 2086 259 2148 μετροι,
293 2057 337 2140 ὡς
368 2067 578 2150 προείρηται,
610 2063 666 2130 καὶ
695 2061 847 2150 εἰλήφθω
876 2063 929 2130 ἐπὶ
956 2066 1017 2150 τής
1043 2072 1139 2151 τομής

129 2165 191 2235 δύο
215 2165 360 2253 τνχέντα
385 2181 504 2254 σημεῖα
527 2166 567 2236 τὰ
588 2177 626 2254 Ζ,
645 2176 690 2254 Η,
713 2169 769 2236 καὶ
789 2166 845 2236 διὰ
865 2168 926 2255 μὲν
945 2174 1008 2238 τοῦ
1029 2177 1055 2237 Ζ
1074 2183 1139 2249 ταῖς

128 2274 371 2360 ἑφαπτομέναις
398 2273 606 2363 παράλληλοι
635 2274 848 2371 ήχθωσανή
871 2302 906 2344 τε
928 2284 1068 2363 MA
1088 2276 1138 2344 καὶ

71 2959 146 3046 2οή
176 2968 331 3047 ΝΖΙΜ,
361 2964 417 3033 διὰ
447 2966 484 3034 δέ
511 2973 571 3035 τοῦ
599 2974 638 3035 Η
662 2965 683 3054 ή
711 2992 745 3034 τε
772 2972 874 3045 ΗΞΟ
901 2969 957 3036 καὶ
986 2968 1007 3056 ή
1037 2976 1136 3038 MP.

124 3069 218 3154 λέγω,
242 3065 295 3134 ὅτι
319 3076 395 3137 λ’σον
415 3073 484 3138 ἐστὶ
501 3077 539 3139 τὸ
559 3073 620 3160 μὲν
641 3081 714 3140 ΛΗ
730 3073 974 3161 τετράπλευρον
992 3080 1039 3167 τῷ
1059 3082 1136 3157 ΜΘ,

123 3177 161 3240 τὸ
185 3172 223 3240 δέ
246 3180 323 3240 ΛΝ
341 3177 387 3267 τῷ
411 3182 485 3242 ΡΝ.

124 3321 336 3328 -.-.--..

194 3411 219 3459 4.
240 3404 358 3484 ΓΛῌΙ]
378 3403 434 3472 V?‚
454 3423 485 3474 p;
508 3411 590 3462 ΓΛΗ
606 3427 634 3479 ο,
655 3412 735 3477 etv,
756 3410 805 3467 sed
825 3427 893 3466 corr.
913 3429 949 3466 m.
971 3417 995 3467 2.
1069 3412 1138 3466 Vin

122 3493 202 3546 prop.
222 3476 248 3530 Π
267 3491 389 3546 qumque
408 3477 557 3544 praeterea
575 3480 641 3550 figg.
661 3482 757 3538 habet.
