2438 3892
125 134 191 199 246
524 134 691 187 mmm
709 129 747 202 ρ’.

125 278 267 364 κέντρου
294 281 411 364 πίπτη,
444 274 651 363 παράλληλοι
679 279 813 343 ἔσονται
842 279 880 342 αλ
905 275 1137 363 ἐφαπτόμεναι,

126 382 186 451 ἐὰν
211 382 248 450 δὲ
272 384 329 471 μῆ,
355 385 605 468 συμπεσοῦνται
628 381 680 449 ἐπὶ
702 377 807 447 ταῦτὰ
829 384 875 473 τςῦ
900 383 1039 473 κέντρῳ.

193 495 343 557 ἔστωσαν
368 485 593 574 ἀντικείμενοι
615 486 713 571 τομαὶ
737 490 775 553 αλ
796 497 838 573 Α,
858 494 897 573 Β,
922 489 978 555 καὶ
1003 491 1139 575 ἐφαπτό·

126 621 224 682 μεναι
248 592 361 662 αὐτῶν
384 598 535 662 ἔστωσαν
558 595 596 659 αλ
617 598 727 677 ΓΑΔ,
747 600 844 659 ΕΒΖ
873 592 956 660 κατὰ
978 593 1021 661 τὰ
1045 605 1086 682 Α,
1103 603 1138 681 Β,

91 699 147 788 τῆ
177 701 214 769 δέ
247 700 311 769 ἀπὸ
340 704 402 768 τοῦ
431 711 462 767 Α
496 700 549 768 ἐπὶ
580 697 618 766 τὸ
647 705 676 765 Β
709 701 969 787 ἐπιζευγνυμένη
1002 703 1138 770 πιπτέτω

124 808 290 894 πρότερον
310 804 367 874 διὰ
386 817 447 873 τοῦ
466 806 608 892 κέντρου
625 808 694 873 τῶν
713 809 834 891 τομῶν,
872 808 970 895 λέγω,
997 804 1048 874 ὅτι
1066 832 1138 894 παρ·

126 913 270 1001 ἀλληλός
293 916 383 983 ἐστιν
406 909 427 998 ῆ
451 918 512 978 ΓΔ
535 916 574 998 τῆ
599 918 670 978 ΕΖ.

192 1020 262 1087 ἐπεὶ
293 1017 357 1105 γὰρ
391 1015 622 1104 ἀντικείμεναί
646 1021 710 1085 εἰσι
737 1023 852 1103 τομαί,
886 1010 935 1087 ὧν
967 1019 1138 1109 διάμετρός

125 1128 216 1194 ἐστιν
239 1124 260 1212 ῆ
284 1131 365 1210 ΑΒ,
393 1125 449 1191 καλ
477 1127 554 1210 μιᾶς
582 1120 695 1192 αῦττῦν
723 1126 901 1210 ἐφάπτεται
925 1123 946 1211 ῆ
971 1132 1035 1195 ΓΔ
1061 1127 1135 1196 κατά

73 1248 106 1296 10
124 1230 162 1300 τὸ
186 1240 232 1318 Α,
262 1228 282 1318 ῆ
307 1228 372 1312 ἀρα
396 1228 452 1297 ῦιά
475 1234 537 1297 τοῦ
560 1237 587 1297 Β
610 1234 650 1318 τῆ
674 1236 736 1297 ΓΛ
758 1230 972 1318 παράλληλος
996 1232 1135 1322 ἀγομένη

125 1336 305 1424 ἐφάπτεται
327 1342 386 1424 τῆς
408 1341 520 1423 τομῆς.
567 1336 746 1423 ἐφάπτεται
772 1337 808 1405 δὲ
830 1337 887 1405 καὶ
910 1335 931 1425 ἡ
955 1346 1033 1407 ΕΖ·
1065 1367 1135 1425 παρ-

123 1443 269 1531 ἀλληλός
292 1447 382 1513 ἐστιν
406 1444 473 1532 ἀρα
495 1441 516 1530 ῆ
540 1450 602 1510 ΓΛ
624 1447 664 1532 τῆ
688 1450 761 1511 ΕΖ.

123 1661 192 1725 τῶν
214 1662 343 1744 τομῶν,
376 1656 432 1723 καὶ
459 1654 557 1744 ἤχθω
583 1655 759 1742 διάμετρος
786 1659 853 1724 τῶν
876 1662 991 1744 τομῦν
1015 1658 1036 1746 ῆ
1060 1667 1133 1744 ΑΗ,

72 1778 105 1827 15
123 1765 180 1830 καλ
203 1764 415 1849 ἐφαπτομένη
444 1766 503 1849 τῆς
524 1766 628 1849 τομῆς
654 1761 750 1850 ῆχθω
774 1761 794 1849 ῆ
819 1769 900 1830 ΘΚ·
938 1760 958 1850 ῆ
985 1773 1054 1833 ΘΚ
1079 1765 1135 1854 ἀρα

124 1869 338 1955 παράλληλός
362 1871 431 1936 ἐστι
454 1872 494 1957 τῆ
519 1875 590 1935 ΓΔ.
626 1868 682 1937 καλ
706 1870 776 1938 ἐπεὶ
799 1868 988 1958 ὑπερβολῆς
1012 1870 1135 1941 εὐθεῖαι

125 1974 330 2061 ἐφάπτονται
354 1977 392 2041 αλ
413 1981 486 2060 ΕΖ,
504 1981 582 2060 ΘΚ,
606 1980 854 2062 συμπεσοῦνται
877 1974 952 2061 ἀρα.
998 1984 1059 2047 καί
1075 1982 1135 2047 ἐστι

123 2078 336 2165 παράλληλος
364 2078 384 2166 ῆ
409 2087 477 2147 ΘΚ
502 2084 542 2169 τῆ
565 2087 640 2148 ΓΔ·
677 2083 733 2149 καλ
757 2085 794 2148 αἱ
815 2088 892 2168 ΓΔ,
912 2089 975 2149 ΕΖ
1004 2082 1072 2173 ἀρα
1094 2088 1136 2154 ἐκ·

123 2184 326 2273 βαλλόμεναι
346 2193 605 2274 συμπεσοῦνται.
640 2189 696 2255 καὶ
716 2188 878 2276 φανερόν,
900 2186 950 2257 ὅτι
966 2192 1019 2258 ἐπὶ
1039 2191 1134 2260 ταῦιά

70 2310 105 2358 20
123 2297 169 2386 τῷ
192 2295 327 2383 κέντρῳ.

602 2420 667 2505 ιβ’.

187 2545 266 2613 Ἐὰν
286 2547 425 2635 ἑκατέρα
443 2550 511 2613 τῶν
530 2541 770 2632 ἀντικειμένων
785 2541 914 2612 εὐθεῖαι
930 2552 1136 2633 συμπίπτωσι

123 2650 203 2720 καθ’
217 2656 255 2720 ἓν
269 2651 496 2738 ἐφαπτόμεναι
510 2646 531 2735 ῆ
547 2648 629 2719 κατά
641 2651 703 2719 δύο
717 2652 910 2736 τέμνουσαι,
926 2653 1136 2737 ἐκβληθεῖσαν

124 2757 162 2823 δὲ
186 2761 224 2824 αἱ
244 2756 376 2825 εὐθεῖαι
400 2764 642 2845 συμπίπτωσιν,
666 2755 687 2844 ῆ
707 2757 898 2844 σύμπτωσις
916 2754 1031 2826 αὐτῶν
1052 2765 1136 2828 ἔσται

71 2874 105 2922 25
124 2864 161 2928 ἐν
180 2867 220 2949 τῆ
239 2865 358 2948 ἐφεξῆς
376 2870 485 2953 γωνία
502 2868 560 2950 τῆς
577 2863 794 2952 περιεχούσης
807 2861 869 2949 τῆν
882 2864 991 2950 τομὴν
1007 2872 1136 2951 γωνίας.

192 2973 340 3035 ἔστωσαν
364 2967 589 3057 ἀντικείμεναι
612 2971 711 3057 τομαὶ
734 2970 790 3036 καὶ
813 2974 880 3037 τῶν
900 2967 1136 3059 ἀντικειμένων

124 3070 198 3158 ῆτοι
226 3071 306 3139 καθ’
333 3078 370 3141 ἓν
400 3075 627 3163 ἐφαπτόμεναι
654 3076 728 3163 ῆτοι
755 3075 838 3143 κατὰ
867 3075 930 3144 δύο
958 3079 1136 3164 τέμνουσαι

125 3177 255 3246 εὐθεῖαι
275 3182 313 3244 αἱ
331 3185 406 3264 ΑΒ,
422 3185 494 3265 ΓΛ,
518 3182 572 3248 καλ
595 3181 835 3269 ἐκβαλλόμεναι
855 3186 1136 3270 συμπιπτέτωσαν.

124 3326 337 3334 ——--—

199 3418 221 3465 1.
242 3409 287 3482 αλ]
308 3410 409 3476 om.V;
431 3426 500 3463 corr.
516 3429 543 3480 p.
605 3418 646 3467 κν.
668 3415 904 3482 σνμπίιιτουοιλς
925 3431 996 3469 corr.
1007 3434 1034 3485 p.
1096 3421 1137 3469 24.

126 3485 331 3554 συμπίπτουσιν
350 3480 388 3547 V;
408 3497 477 3535 corr.
497 3497 523 3548 p.
