2438 3892
122 143 189 208 264
509 144 691 207 ,Κοαιιτοω
710 139 749 215 β’.

123 289 177 358 ἐπὶ
201 287 307 375 μέσην
329 285 393 372 τὴν
417 287 606 373 τέμνουσαν
630 280 737 374 ἄχθη,
765 282 786 371 ἡ
810 284 849 352 δὲ
870 286 962 374 παρὰ
984 285 1046 374 τὴν
1066 290 1129 375 τέμ

122 416 264 481 νουσαν,
289 400 440 480 συζυγεῖς
460 398 593 460 ἔσονται
614 389 787 477 διάμετροι
805 395 874 459 των
893 389 1129 482 ἀντικειμένων.

192 508 341 571 ἔστωσαν
382 498 466 568 κατὰ
508 502 668 582 συζυγίαν
706 494 934 584 ἆντικείμεναι
971 501 1069 586 τομαὶ
1101 505 1131 568 αί

125 619 171 695 A,
192 618 231 695 Β,
250 613 289 693 Γ,
310 615 353 693 Δ,
376 608 432 674 καὶ
455 606 599 692 τεμνέτω
622 602 684 688 τὴν
706 612 739 670 A
763 603 882 673 εὐθεῖαί
905 631 953 686 τις
975 605 1058 675 κατὰ
1080 608 1129 676 δύο

89 731 105 780 5
125 728 244 803 σημεῖα
267 714 307 784 τδι
327 721 368 799 Ε,
388 720 425 798 Ζ,
449 711 505 779 καὶ
528 711 701 797 τετμήσθω
727 714 804 797 δίχα
827 707 848 796 η
869 718 934 778 ΖΕ
954 716 1000 802 τῷ
1019 720 1064 797 Η,
1086 713 1132 779 καὶ

125 827 207 890 ἔστω
236 823 377 907 κέντρον
405 816 443 886 τὸ
466 824 512 904 Χ,
539 818 595 884 καὶ
619 819 690 884 έπε-

126 928 254 1015 ζεύχθω
273 924 294 1013 ἡ
315 933 399 1011 ΧΗ,
422 923 633 1023 παράλληλος
653 924 691 993 δὲ

124 1033 221 1122 ἤχθω
240 1037 280 1122 τῇ
294 1039 358 1099 ΕΖ
376 1029 397 1118 ἡ
413 1037 484 1099 ΓΧ.
521 1033 618 1116 λέγω,
639 1028 690 1098 ὅτι

124 1145 163 1209 αλ
179 1148 257 1225 ΑΧ,
271 1142 343 1207 ΧΓ
362 1145 513 1223 συζυγείς
531 1142 597 1206 εἰσι
620 1135 690 1205 διοί-

71 1265 105 1314 10
124 1273 247 1336 μετροι.

193 1352 263 1422 ἐπεὶ
286 1351 350 1439 γὰρ
375 1350 551 1440 διάμετρος
569 1349 590 1437 ἡ
611 1359 688 1436 ΑΧ,

125 1462 180 1529 καὶ
212 1457 274 1546 τὴν
307 1466 370 1526 ΕΖ
403 1463 480 1546 δίχα
509 1459 636 1545 τέμνει,
668 1453 689 1543 ἡ

125 1565 208 1635 κατὰ
231 1564 270 1634 τὸ
290 1575 322 1633 A
344 1567 556 1652 ἐφαπτομένη
579 1564 791 1651 παράλληλός
814 1569 883 1635 έστι
900 1578 942 1657 τῇ
964 1574 1039 1635 ΕΖ·
1063 1566 1138 1636 ὥστε

125 1674 181 1741 καὶ
208 1676 248 1762 τῇ
278 1679 348 1741 ΓΧ.
399 1673 469 1740 ἐπεὶ
503 1665 567 1740 οὖν
599 1669 827 1760 ἄντικείμεναί
852 1677 916 1741 εἰσι
943 1680 1059 1760 τομαί,
1089 1673 1139 1742 καὶ

73 1784 205 1867 τσμιᾶς
228 1781 341 1847 αὐτῶν
363 1783 422 1865 τῆς
441 1789 473 1846 A
495 1769 591 1864 ἦκται
614 1765 826 1868 ἐφαπτομένη
850 1780 933 1848 κατὰ
956 1781 994 1851 τὸ
1014 1791 1058 1866 A,
1080 1778 1139 1848 ιἰπὸ

127 1885 165 1954 δὲ
177 1889 240 1953 τοῦ
255 1887 396 1972 κέντρου
409 1893 471 1952 τοῦ
486 1892 520 1951 Χ
534 1881 555 1970 ἡ
575 1885 637 1972 μέν
656 1887 709 1954 ἐπὶ
727 1886 789 1974 τὴν
809 1884 902 1973 ἁφὴν
916 1887 1140 1973 έπιζεύγνυται

125 1988 253 2077 MA,
285 1988 307 2056 δ
342 1989 379 2057 δέ
411 1989 501 2076 παρὰ
533 1988 595 2076 τὴν
628 1992 863 2079 ἐφαπτομένην
895 1983 992 2079 ἦκται
1020 1991 1041 2080 η
1069 1998 1141 2077 ΓΧ,

126 2100 164 2164 αί
184 2104 266 2181 ΧΑ,
285 2101 353 2162 ΓΧ
376 2094 442 2183 ἄρα
471 2102 621 2182 συζυγεῖς
644 2101 708 2164 εἰσι
733 2098 915 2185 διάμετροι*
957 2103 1058 2167 τοῦτο
1082 2099 1141 2184 γὰρ

126 2205 367 2292 προδέδεικται.

73 2329 107 2378 νο
604 2291 672 2379 σθ’·

202 2422 268 2508 Τῆς
291 2423 450 2505 δοθείσης
473 2418 586 2486 κοίνου
608 2428 712 2504 τομῆς
734 2418 796 2505 τὴν
820 2418 1000 2504 διάμετρον
1025 2416 1142 2507 εὑρεῖν.

196 2535 279 2597 ἔστω
295 2525 315 2614 ἡ
334 2530 476 2595 δοθείσα
489 2525 604 2594 κοίνου
617 2524 713 2611 τομή,
729 2522 783 2610 ἐφ’
801 2517 840 2611 ἧς
853 2523 893 2591 τὰ
909 2534 950 2610 A,
965 2531 1145 2612 Β,Γ,Δ,Ε

130 2650 258 2722 σημεῖα.
305 2641 359 2703 δεί
381 2633 422 2721 δὴ
442 2633 546 2719 αὐτῆς
568 2631 630 2718 τὴν
655 2630 834 2718 διάμετρον
859 2631 982 2719 εὑρεῖν.

195 2743 376 2828 γεγονέτω,
404 2740 460 2808 καὶ
489 2745 572 2808 ἔστω
602 2736 622 2824 ἡ
650 2744 719 2805 ΓΘ,
767 2735 937 2824 ἀχθεισῶν
967 2735 1009 2822 δὴ
1039 2764 1144 2822 τεταγ-

74 2859 109 2908 25
129 2847 238 2931 μένως
260 2849 329 2914 τιόν
349 2856 382 2912 Δ
389 2854 431 2932 Ζ,
453 2854 513 2914 ΕΘ
535 2845 591 2912 καὶ
611 2847 840 2930 έκβληθεισολν
861 2849 952 2911 ἔσται
971 2851 1026 2929 ίση
1046 2841 1066 2929 ἡ
1086 2844 1143 2930 μὲν

127 2958 194 3017 ΔΖ
217 2961 257 3038 τῇ
281 2958 358 3037 ΖΒ,
381 2949 402 3037 ἡ
428 2953 465 3020 δέ
487 2961 550 3020 ΕΘ
572 2956 612 3040 τῇ
632 2959 705 3019 ΘΑ.
744 2948 804 3018 ἐὰν
829 2943 892 3019 οὖν
916 2950 1068 3036 τάξωμεν
1091 2950 1145 3029 τὰς

128 3065 156 3124 Β
165 3066 212 3140 Δ,
239 3063 306 3122 ΕΑ
338 3057 433 3125 θέσει
465 3057 569 3138 οὔσας
595 3056 844 3145 παραλλήλους,
879 3062 970 3124 ἔσται
999 3060 1144 3125 δοθέντα

126 3161 166 3232 τὰ
192 3169 282 3246 QZ
307 3176 435 3247 σημεῖα.
483 3160 566 3231 ὥστε
590 3165 685 3233 θέσει
709 3170 800 3232 ἔσται
824 3161 844 3249 ἡ
869 3168 970 3232 ΘΖΓ.

201 3363 225 3415 6.
247 3355 329 3427 έοτω]
349 3352 380 3408 τό
401 3357 438 3423 V;
459 3375 529 3412 corr.
549 3377 568 3429 p
588 3357 669 3428 (έοτω
689 3361 745 3415 τῶν
765 3360 859 3430 τομῶν
878 3356 929 3428 τό).
1020 3365 1060 3414 18.
1082 3356 1144 3426 ΧΑ]

128 3431 234 3559 {sim}
262 3445 332 3484 corr.
351 3425 468 3497 Halley;
494 3433 548 3482 AX
562 3448 590 3498 p,
615 3430 720 3487 Comm.
812 3437 854 3486 22.
880 3431 920 3502 Ε]
941 3446 994 3484 om.
1015 3431 1054 3497 V,
1079 3447 1143 3485 corr.
