2438 3892
422 131 636 183 CONICORUM
654 131 763 182 LIBER
781 133 803 183 Ι.

570 345 659 410 XIII.

172 486 206 552 si
234 510 333 554 conus
361 510 420 572 per
447 511 540 553 axem
567 488 666 572 plano
692 492 831 572 secatur,
860 492 988 554 secatur
1011 495 1120 555 autem

104 596 171 660 alio
195 617 322 680 qnoque
344 596 453 679 plano,
477 595 563 680 quod
586 616 659 659 cum
681 599 819 680 utroque
842 596 943 659 latere
962 595 1121 679 trianguli

104 724 162 786 per
177 724 268 767 axem
282 702 383 786 positi
398 702 570 781 concurrit,
584 702 639 766 sed
650 724 753 788 neque
763 702 835 766 basi
846 702 919 766 coni
928 702 1119 786 parallelum

103 808 230 874 ducitur
256 830 360 894 neque
388 830 405 872 e
433 809 608 893 contrario,
637 812 669 872 et
697 809 726 873 si
748 809 895 894 planum,
926 809 1046 892 inquo
1071 813 1120 873 est

101 914 189 980 basis
226 916 315 996 coni,
351 916 548 999 planumque
585 937 698 980 secans
733 919 931 981 concurrunt
963 917 997 979 in
1030 920 1119 981 recta

100 1022 363 1106 perpendiculari
386 1026 442 1086 aut
465 1022 505 1086 ad
529 1022 634 1087 basim
653 1022 812 1107 trianguli
830 1044 889 1107 per
908 1045 999 1087 axem
1017 1023 1118 1107 positi

103 1131 161 1191 aut
180 1127 220 1191 ad
240 1148 310 1191 eam
328 1127 531 1211 productam,
550 1129 713 1214 quaelibet
727 1133 823 1213 recta,
843 1151 925 1215 quae
940 1152 959 1194 a
974 1130 1116 1194 sectione

103 1232 178 1297 coni
202 1233 366 1297 communi
389 1234 525 1298 sectioni
546 1235 718 1317 planorum
740 1237 897 1320 parallela
918 1237 1053 1320 ducitur,
1078 1237 1118 1300 ad

103 1339 296 1403 diametrum
333 1340 484 1405 sectionis
520 1344 649 1425 sumpta
685 1341 842 1424 quadrata
880 1343 1024 1425 aequalis
1057 1344 1120 1407 erit

100 1446 207 1531 spatio
240 1447 403 1528 adplicato
432 1451 541 1511 rectae
569 1446 711 1530 cuidam,
745 1446 785 1511 ad
813 1468 910 1530 quam
943 1446 1118 1511 diametrus

101 1553 255 1618 sectionis
274 1551 434 1617 rationem
452 1552 562 1635 habet,
581 1574 679 1637 quam
692 1552 792 1616 habet
806 1551 998 1636 quadratum
1012 1557 1118 1617 rectae

101 1683 121 1725 a
144 1661 267 1724 uertice
290 1660 364 1724 coni
383 1659 541 1724 diametro
561 1659 716 1724 sectionis
735 1659 912 1741 parallelae
932 1659 1046 1723 ductae
1064 1681 1118 1724 us-

100 1789 162 1852 que
187 1767 228 1830 ad
250 1766 355 1831 basim
374 1766 530 1851 trianguli
550 1766 587 1830 ad
608 1765 833 1850 rectangulum
853 1766 1117 1849 comprehensum

100 1874 199 1938 rectis
228 1875 269 1938 ab
297 1895 335 1937 ea
363 1874 403 1937 ad
428 1873 533 1937 latera
551 1872 711 1956 trianguli
733 1873 882 1956 abscisis,
909 1872 1116 1938 latitudinem

101 1979 227 2043 habens
249 1982 372 2043 rectam
395 1980 436 2043 ab
461 2000 498 2043 ea
517 2000 534 2043 e
554 1979 711 2044 diametro
731 1978 771 2043 ad
789 1980 944 2043 uerticem
963 1982 1116 2045 sectionis

102 2084 264 2149 abscisam
292 2088 324 2147 et
350 2085 455 2169 figura
477 2084 626 2149 deficiens
650 2085 750 2148 simili
773 2084 985 2170 similiterque
1008 2089 1117 2172 posita

99 2190 289 2275 rectangnlo
332 2211 351 2253 a
387 2183 543 2255 diametro
579 2195 827 2276 parametroque
864 2192 1115 2276 comprehenso,

99 2300 234 2363 uocetur
257 2301 366 2360 autem
389 2297 466 2360 talis
491 2297 589 2362 sectio
613 2298 777 2381 ellipsis.

169 2404 212 2468 sit
231 2425 340 2487 conus,
365 2404 453 2467 cuius
472 2408 582 2468 uertex
602 2405 645 2468 sit
663 2410 696 2468 A
713 2408 878 2487 punctum,
896 2404 986 2468 basis
1007 2407 1115 2469 autem

97 2514 167 2576 ΒΓ
181 2513 329 2594 circulus,
348 2516 382 2575 et
395 2531 454 2593 per
468 2533 560 2575 axem
574 2512 672 2595 plano
688 2513 820 2594 secetur,
836 2510 921 2593 quod
941 2510 1116 2575 sectionem

99 2618 222 2683 efficiat
249 2618 451 2702 triangulum
474 2621 587 2703 ΑΒΓ,
616 2620 744 2682 secetur
767 2620 875 2680 autem
900 2615 964 2680 alio
989 2638 1116 2701 quoque

97 2725 212 2810 plano,
244 2724 329 2808 quod
361 2745 434 2788 cum
461 2727 598 2807 utroque
625 2724 727 2786 latere
753 2722 911 2806 trianguli
937 2745 995 2806 per
1023 2746 1114 2790 axem

98 2832 198 2915 positi
219 2834 398 2914 concurrat,
423 2830 478 2896 sed
497 2850 598 2914 neque
617 2829 691 2892 basi
709 2829 782 2894 coni
799 2830 991 2913 parallelum
1010 2852 1114 2916 neque

100 2960 118 3001 e
143 2937 303 3002 contrario
328 2937 459 3002 ductum
479 2936 531 3020 sit,
555 2940 587 2999 et
607 2937 641 2999 in
661 2935 828 3019 superficie
848 2936 920 3001 coni
940 2937 1114 3002 sectionem

100 3042 223 3124 efficiat
257 3043 379 3107 lineam
411 3047 491 3128 AE3
527 3044 707 3108 communis
744 3047 851 3107 autem
889 3045 988 3109 sectio
1025 3047 1114 3130 plani

100 3149 242 3215 secantis
269 3149 400 3233 eiusque
423 3150 521 3234 plani,
543 3151 578 3214 in
602 3171 664 3234 quo
689 3153 738 3214 est
761 3151 850 3214 basis
873 3151 956 3234 coni,
980 3151 1023 3215 sit
1047 3156 1118 3216 ZH

98 3257 141 3323 ad
164 3259 232 3320 ΒΓ
249 3255 536 3340 perpendicularis,
561 3257 737 3322 diametrus
762 3260 869 3321 autem
893 3257 1046 3322 sectionis
1070 3259 1115 3321 sit

98 3368 177 3449 EA,
201 3367 233 3428 et
257 3364 297 3428 ab
323 3366 354 3427 Ε
371 3362 411 3427 ad
430 3367 498 3426 EA
516 3364 789 3448 perpendicularis
808 3364 944 3427 ducatur
962 3367 1033 3446 Ee,
1056 3384 1114 3445 per

98 3477 131 3535 A
164 3454 272 3535 autem
301 3474 408 3534 rectae
441 3474 509 3534 EA
540 3460 696 3554 parallelo
719 3470 855 3534 ducatur
877 3473 959 3553 ΑΚ,
993 3472 1025 3533 et
1056 3469 1114 3533 fiat

153 3584 341 3637 Apollonius,
357 3585 392 3626 ed.
406 3584 517 3634 Heiberg.
936 3577 954 3624 4
