<?xml version="1.0" encoding="UTF-8"?>
<!DOCTYPE html PUBLIC "-//W3C//DTD XHTML 1.0 Transitional//EN"
    "http://www.w3.org/TR/xhtml1/DTD/xhtml1-transitional.dtd">
<html xmlns="http://www.w3.org/1999/xhtml" xml:lang="en" lang="en">
 <head>
  <title>
</title>
<meta http-equiv="Content-Type" content="text/html;charset=utf-8" />
  <meta name='ocr-system' content='tesseract 3.04.00' />
  <meta name='ocr-capabilities' content='ocr_page ocr_carea ocr_par ocr_line ocrx_word'/>
</head>
<body>
  <div class='ocr_page' id='page_1' title='image "./apolloniipergae00apolgoog_0100.png"; bbox 0 0 2438 3892; ppageno 0'>
   <div class='ocr_carea' id='block_1_1' title="bbox 156 142 775 210">
    <p class='ocr_par' dir='ltr' id='par_1_1' title="bbox 156 142 775 210">
     <span class='ocr_line' id='line_1_1' title="bbox 156 142 775 210; baseline 0.005 -13"><span class='ocrx_word' id='word_1_1' title='bbox 156 145 200 210; x_wconf 87' lang='lat'><strong><em>64</em></strong></span> <span class='ocrx_word' id='word_1_2' title='bbox 550 147 717 200; x_wconf 79' lang='grc' dir='ltr'><em>ΚΩΝΙΚΩΝ</em></span> <span class='ocrx_word' id='word_1_3' title='bbox 736 142 775 200; x_wconf 88' lang='grc' dir='ltr'><strong><em>α’.</em></strong></span> 
     </span>
    </p>
   </div>
   <div class='ocr_carea' id='block_1_2' title="bbox 20 285 1173 3222">
    <p class='ocr_par' dir='ltr' id='par_1_2' title="bbox 156 285 1171 377">
     <span class='ocr_line' id='line_1_2' title="bbox 156 285 1171 377; baseline -0.001 -21"><span class='ocrx_word' id='word_1_4' title='bbox 156 297 224 375; x_wconf 81' lang='grc' dir='ltr'><strong><em>ἴση·</em></strong></span> <span class='ocrx_word' id='word_1_5' title='bbox 271 287 354 358; x_wconf 77' lang='grc' dir='ltr'><strong><em>ὥστε</em></strong></span> <span class='ocrx_word' id='word_1_6' title='bbox 381 288 437 357; x_wconf 86' lang='grc' dir='ltr'><strong><em>καὶ</em></strong></span> <span class='ocrx_word' id='word_1_7' title='bbox 464 285 485 375; x_wconf 79' lang='grc' dir='ltr'><em>ἡ</em></span> <span class='ocrx_word' id='word_1_8' title='bbox 509 294 579 356; x_wconf 96' lang='grc' dir='ltr'><strong><em>ΗΘ</em></strong></span> <span class='ocrx_word' id='word_1_9' title='bbox 604 299 644 377; x_wconf 77' lang='grc' dir='ltr'><strong><em>τῇ</em></strong></span> <span class='ocrx_word' id='word_1_10' title='bbox 670 295 745 355; x_wconf 92' lang='grc' dir='ltr'><strong><em>ΘΦ.</em></strong></span> <span class='ocrx_word' id='word_1_11' title='bbox 791 285 812 374; x_wconf 78' lang='grc' dir='ltr'><em>ἡ</em></span> <span class='ocrx_word' id='word_1_12' title='bbox 838 285 904 373; x_wconf 75' lang='grc' dir='ltr'><strong><em>ἄρα</em></strong></span> <span class='ocrx_word' id='word_1_13' title='bbox 927 294 999 356; x_wconf 90' lang='grc' dir='ltr'><strong><em>ΘΗ</em></strong></span> <span class='ocrx_word' id='word_1_14' title='bbox 1019 290 1171 374; x_wconf 77' lang='grc' dir='ltr'><strong><em>ἐκβαλλο-</em></strong></span> 
     </span>
    </p>

    <p class='ocr_par' dir='ltr' id='par_1_3' title="bbox 156 395 1171 485">
     <span class='ocr_line' id='line_1_3' title="bbox 156 395 1171 485; baseline -0.002 -21"><span class='ocrx_word' id='word_1_15' title='bbox 156 396 239 483; x_wconf 86' lang='grc' dir='ltr'><strong><em>μένη</em></strong></span> <span class='ocrx_word' id='word_1_16' title='bbox 268 399 329 476; x_wconf 79' lang='grc' dir='ltr'><strong><em>ἕως</em></strong></span> <span class='ocrx_word' id='word_1_17' title='bbox 355 400 417 464; x_wconf 84' lang='grc' dir='ltr'><strong><em>τοῦ</em></strong></span> <span class='ocrx_word' id='word_1_18' title='bbox 441 397 556 485; x_wconf 82' lang='grc' dir='ltr'><strong><em>ἑτέρον</em></strong></span> <span class='ocrx_word' id='word_1_19' title='bbox 577 396 699 482; x_wconf 78' lang='grc' dir='ltr'><em>μέρους</em></span> <span class='ocrx_word' id='word_1_20' title='bbox 720 398 780 481; x_wconf 77' lang='grc' dir='ltr'><strong><em>τῆς</em></strong></span> <span class='ocrx_word' id='word_1_21' title='bbox 800 398 904 482; x_wconf 78' lang='grc' dir='ltr'><strong><em>τομῆς</em></strong></span> <span class='ocrx_word' id='word_1_22' title='bbox 922 398 1000 481; x_wconf 74' lang='grc' dir='ltr'><strong><em>δίχα</em></strong></span> <span class='ocrx_word' id='word_1_23' title='bbox 1021 395 1171 481; x_wconf 81' lang='grc' dir='ltr'><strong><em>τέμνεται</em></strong></span> 
     </span>
    </p>

    <p class='ocr_par' dir='ltr' id='par_1_4' title="bbox 154 499 692 734">
     <span class='ocr_line' id='line_1_4' title="bbox 154 499 399 590; baseline -0.008 -18"><span class='ocrx_word' id='word_1_24' title='bbox 154 499 302 590; x_wconf 77' lang='grc' dir='ltr'><strong><em>ὑπὸτῆς</em></strong></span> <span class='ocrx_word' id='word_1_25' title='bbox 325 511 399 572; x_wconf 90' lang='grc' dir='ltr'><strong><em>ΔΘ.</em></strong></span> 
     </span>
     <span class='ocr_line' id='line_1_5' title="bbox 637 660 692 734; baseline 0 -6"><span class='ocrx_word' id='word_1_26' title='bbox 637 660 692 734; x_wconf 78' lang='grc' dir='ltr'><strong><em>ις’.</em></strong></span> 
     </span>
    </p>

    <p class='ocr_par' dir='ltr' id='par_1_5' title="bbox 20 767 1170 1193">
     <span class='ocr_line' id='line_1_6' title="bbox 20 767 1170 874; baseline 0.003 -23"><span class='ocrx_word' id='word_1_27' title='bbox 20 823 26 832; x_wconf 83' lang='grc'><em>·</em></span> <span class='ocrx_word' id='word_1_28' title='bbox 121 810 137 859; x_wconf 78' lang='lat'>5</span> <span class='ocrx_word' id='word_1_29' title='bbox 199 784 279 854; x_wconf 82' lang='grc' dir='ltr'><strong><em>Ἐὰν</em></strong></span> <span class='ocrx_word' id='word_1_30' title='bbox 307 767 365 853; x_wconf 51' lang='lat' dir='ltr'><strong><em>Bt&amp;</em></strong></span> <span class='ocrx_word' id='word_1_31' title='bbox 388 789 447 872; x_wconf 78' lang='grc' dir='ltr'><strong><em>τῆς</em></strong></span> <span class='ocrx_word' id='word_1_32' title='bbox 470 789 663 872; x_wconf 75' lang='grc' dir='ltr'><strong><em>διχοτομίας</em></strong></span> <span class='ocrx_word' id='word_1_33' title='bbox 684 788 743 872; x_wconf 77' lang='grc' dir='ltr'><strong><em>τῆς</em></strong></span> <span class='ocrx_word' id='word_1_34' title='bbox 769 791 911 872; x_wconf 80' lang='grc' dir='ltr'><strong><em>πλαγίας</em></strong></span> <span class='ocrx_word' id='word_1_35' title='bbox 933 791 1082 874; x_wconf 73' lang='grc' dir='ltr'><strong><em>πλευροῖς</em></strong></span> <span class='ocrx_word' id='word_1_36' title='bbox 1104 791 1170 855; x_wconf 81' lang='grc' dir='ltr'><strong><em>τῶν</em></strong></span> 
     </span>
     <span class='ocr_line' id='line_1_7' title="bbox 156 889 1170 981; baseline 0.001 -20"><span class='ocrx_word' id='word_1_37' title='bbox 156 890 397 979; x_wconf 78' lang='grc' dir='ltr'><strong><em>ἀντικειμένων</em></strong></span> <span class='ocrx_word' id='word_1_38' title='bbox 425 889 515 980; x_wconf 79' lang='grc' dir='ltr'><strong><em>ἀχθῇ</em></strong></span> <span class='ocrx_word' id='word_1_39' title='bbox 538 918 587 972; x_wconf 85' lang='grc' dir='ltr'><strong><em>τις</em></strong></span> <span class='ocrx_word' id='word_1_40' title='bbox 610 892 730 960; x_wconf 81' lang='grc' dir='ltr'><strong><em>εὐθεῖα</em></strong></span> <span class='ocrx_word' id='word_1_41' title='bbox 753 891 842 981; x_wconf 78' lang='grc' dir='ltr'><strong><em>παρὰ</em></strong></span> <span class='ocrx_word' id='word_1_42' title='bbox 870 894 1077 980; x_wconf 88' lang='grc' dir='ltr'><strong><em>τεταγμένως</em></strong></span> <span class='ocrx_word' id='word_1_43' title='bbox 1101 920 1170 961; x_wconf 90' lang='grc' dir='ltr'><strong><em>κατ·</em></strong></span> 
     </span>
     <span class='ocr_line' id='line_1_8' title="bbox 155 996 1169 1087; baseline 0.002 -21"><span class='ocrx_word' id='word_1_44' title='bbox 155 1000 320 1086; x_wconf 86' lang='grc' dir='ltr'><strong><em>ηγμένην,</em></strong></span> <span class='ocrx_word' id='word_1_45' title='bbox 349 996 446 1085; x_wconf 81' lang='grc' dir='ltr'><strong><em>διοῖμ</em></strong></span> <span class='ocrx_word' id='word_1_46' title='bbox 434 1024 526 1086; x_wconf 86' lang='grc' dir='ltr'><strong><em>τρος</em></strong></span> <span class='ocrx_word' id='word_1_47' title='bbox 554 1003 645 1066; x_wconf 83' lang='grc' dir='ltr'><strong><em>ἔσται</em></strong></span> <span class='ocrx_word' id='word_1_48' title='bbox 672 1003 741 1067; x_wconf 78' lang='grc' dir='ltr'><strong><em>τῶν</em></strong></span> <span class='ocrx_word' id='word_1_49' title='bbox 765 996 1004 1086; x_wconf 80' lang='grc' dir='ltr'><strong><em>ἀντικειμένων</em></strong></span> <span class='ocrx_word' id='word_1_50' title='bbox 1029 1000 1169 1087; x_wconf 79' lang='grc' dir='ltr'><strong><em>σοζνγης</em></strong></span> 
     </span>
     <span class='ocr_line' id='line_1_9' title="bbox 155 1104 681 1196; baseline -0.002 -21"><span class='ocrx_word' id='word_1_51' title='bbox 155 1109 195 1194; x_wconf 78' lang='grc' dir='ltr'><strong><em>τῇ</em></strong></span> <span class='ocrx_word' id='word_1_52' title='bbox 218 1104 482 1194; x_wconf 76' lang='grc' dir='ltr'><strong><em>προϋπαρχούσῃ</em></strong></span> <span class='ocrx_word' id='word_1_53' title='bbox 506 1107 681 1196; x_wconf 78' lang='grc' dir='ltr'><strong><em>διαμέτρῳ.</em></strong></span> 
     </span>
    </p>

    <p class='ocr_par' dir='ltr' id='par_1_6' title="bbox 223 1209 1169 1301">
     <span class='ocr_line' id='line_1_10' title="bbox 223 1209 1169 1301; baseline 0.002 -22"><span class='ocrx_word' id='word_1_54' title='bbox 223 1209 419 1280; x_wconf 83' lang='grc' dir='ltr'><strong><em>έστωσαν’</em></strong></span> <span class='ocrx_word' id='word_1_55' title='bbox 401 1218 642 1299; x_wconf 89' lang='grc' dir='ltr'><strong><em>αντικείμεναι,</em></strong></span> <span class='ocrx_word' id='word_1_56' title='bbox 675 1240 725 1281; x_wconf 92' lang='grc' dir='ltr'><strong><em>ων</em></strong></span> <span class='ocrx_word' id='word_1_57' title='bbox 753 1212 974 1300; x_wconf 76' lang='grc' dir='ltr'><strong><em>διάμετρος</em></strong></span> <span class='ocrx_word' id='word_1_58' title='bbox 957 1241 978 1301; x_wconf 96' lang='grc' dir='ltr'><strong><em>η</em></strong></span> <span class='ocrx_word' id='word_1_59' title='bbox 1002 1221 1084 1299; x_wconf 87' lang='grc' dir='ltr'><strong><em>ΑΒ,</em></strong></span> <span class='ocrx_word' id='word_1_60' title='bbox 1117 1213 1169 1283; x_wconf 77' lang='grc' dir='ltr'><strong><em>καὶ</em></strong></span> 
     </span>
    </p>

    <p class='ocr_par' dir='ltr' id='par_1_7' title="bbox 103 1317 1168 1451">
     <span class='ocr_line' id='line_1_11' title="bbox 103 1317 1168 1451; baseline 0.001 -63"><span class='ocrx_word' id='word_1_61' title='bbox 103 1339 137 1389; x_wconf 85' lang='grc' dir='ltr'><strong><em>1ο</em></strong></span> <span class='ocrx_word' id='word_1_62' title='bbox 155 1318 330 1407; x_wconf 79' lang='grc' dir='ltr'><strong><em>τετμήσθω</em></strong></span> <span class='ocrx_word' id='word_1_63' title='bbox 355 1323 431 1451; x_wconf 80' lang='grc' dir='ltr'><strong><em>δίχα</em></strong></span> <span class='ocrx_word' id='word_1_64' title='bbox 449 1317 550 1407; x_wconf 79' lang='grc' dir='ltr'><strong><em>ἡΑΒ</em></strong></span> <span class='ocrx_word' id='word_1_65' title='bbox 574 1317 657 1387; x_wconf 78' lang='grc' dir='ltr'><strong><em>κατὰ</em></strong></span> <span class='ocrx_word' id='word_1_66' title='bbox 676 1323 713 1389; x_wconf 89' lang='grc' dir='ltr'><strong><em>τὸ</em></strong></span> <span class='ocrx_word' id='word_1_67' title='bbox 730 1326 766 1405; x_wconf 92' lang='grc' dir='ltr'><strong><em>Γ,</em></strong></span> <span class='ocrx_word' id='word_1_68' title='bbox 789 1321 845 1388; x_wconf 81' lang='grc' dir='ltr'><strong><em>καὶ</em></strong></span> <span class='ocrx_word' id='word_1_69' title='bbox 869 1318 925 1387; x_wconf 80' lang='grc' dir='ltr'><strong><em>διὰ</em></strong></span> <span class='ocrx_word' id='word_1_70' title='bbox 947 1346 1009 1388; x_wconf 87' lang='grc' dir='ltr'><strong><em>τον</em></strong></span> <span class='ocrx_word' id='word_1_71' title='bbox 994 1324 1056 1387; x_wconf 91' lang='grc' dir='ltr'>Γ</span> <span class='ocrx_word' id='word_1_72' title='bbox 1075 1319 1168 1408; x_wconf 72' lang='grc' dir='ltr'><strong><em>ἤχθω</em></strong></span> 
     </span>
    </p>

    <p class='ocr_par' dir='ltr' id='par_1_8' title="bbox 155 1425 1170 1622">
     <span class='ocr_line' id='line_1_12' title="bbox 155 1425 1170 1515; baseline 0 -21"><span class='ocrx_word' id='word_1_73' title='bbox 155 1425 244 1515; x_wconf 83' lang='grc' dir='ltr'><strong><em>παρὰ</em></strong></span> <span class='ocrx_word' id='word_1_74' title='bbox 270 1429 478 1514; x_wconf 77' lang='grc' dir='ltr'><strong><em>τεταγμένως</em></strong></span> <span class='ocrx_word' id='word_1_75' title='bbox 503 1425 751 1513; x_wconf 66' lang='grc' dir='ltr'><strong><em>κατηγμένην“</em></strong></span> <span class='ocrx_word' id='word_1_76' title='bbox 735 1454 756 1512; x_wconf 90' lang='grc' dir='ltr'><strong><em>η</em></strong></span> <span class='ocrx_word' id='word_1_77' title='bbox 779 1432 850 1494; x_wconf 87' lang='grc' dir='ltr'><strong><em>ΓΔ.</em></strong></span> <span class='ocrx_word' id='word_1_78' title='bbox 896 1427 1045 1514; x_wconf 73' lang='grc' dir='ltr'><strong><em>λέγω,“</em></strong></span> <span class='ocrx_word' id='word_1_79' title='bbox 1026 1454 1077 1496; x_wconf 91' lang='grc' dir='ltr'><strong><em>οτι</em></strong></span> <span class='ocrx_word' id='word_1_80' title='bbox 1102 1427 1170 1496; x_wconf 78' lang='grc' dir='ltr'><strong><em>δια-</em></strong></span> 
     </span>
     <span class='ocr_line' id='line_1_13' title="bbox 155 1530 845 1622; baseline -0.001 -20"><span class='ocrx_word' id='word_1_81' title='bbox 155 1535 275 1622; x_wconf 82' lang='grc' dir='ltr'><strong><em>μετρός</em></strong></span> <span class='ocrx_word' id='word_1_82' title='bbox 298 1537 388 1602; x_wconf 81' lang='grc' dir='ltr'><strong><em>ἐστιν</em></strong></span> <span class='ocrx_word' id='word_1_83' title='bbox 411 1530 432 1620; x_wconf 78' lang='grc' dir='ltr'><em>ἡ</em></span> <span class='ocrx_word' id='word_1_84' title='bbox 457 1541 520 1602; x_wconf 85' lang='grc' dir='ltr'><strong><em>ΓΛ</em></strong></span> <span class='ocrx_word' id='word_1_85' title='bbox 543 1530 686 1620; x_wconf 80' lang='grc' dir='ltr'><strong><em>συζνγὴς</em></strong></span> <span class='ocrx_word' id='word_1_86' title='bbox 708 1536 748 1622; x_wconf 79' lang='grc' dir='ltr'><strong><em>τῇ</em></strong></span> <span class='ocrx_word' id='word_1_87' title='bbox 771 1541 845 1601; x_wconf 90' lang='lat' dir='ltr'><strong><em>AB.</em></strong></span> 
     </span>
    </p>

    <p class='ocr_par' dir='ltr' id='par_1_9' title="bbox 175 1631 1173 1727">
     <span class='ocr_line' id='line_1_14' title="bbox 175 1631 1173 1727; baseline 0.001 -21"><span class='ocrx_word' id='word_1_88' title='bbox 175 1631 177 1635; x_wconf 38' lang='lat'><em>⁷</em></span> <span class='ocrx_word' id='word_1_89' title='bbox 222 1643 372 1707; x_wconf 79' lang='grc' dir='ltr'><strong><em>ἔστωσαν</em></strong></span> <span class='ocrx_word' id='word_1_90' title='bbox 394 1639 459 1726; x_wconf 82' lang='grc' dir='ltr'><strong><em>γὰρ</em></strong></span> <span class='ocrx_word' id='word_1_91' title='bbox 483 1636 562 1724; x_wconf 87' lang='grc' dir='ltr'><strong><em>παρ’</em></strong></span> <span class='ocrx_word' id='word_1_92' title='bbox 584 1636 624 1720; x_wconf 76' lang='grc' dir='ltr'><strong><em>ἃς</em></strong></span> <span class='ocrx_word' id='word_1_93' title='bbox 648 1639 812 1708; x_wconf 77' lang='grc' dir='ltr'><strong><em>δύνανται</em></strong></span> <span class='ocrx_word' id='word_1_94' title='bbox 835 1642 872 1707; x_wconf 75' lang='grc' dir='ltr'><strong><em>αἱ</em></strong></span> <span class='ocrx_word' id='word_1_95' title='bbox 891 1639 1118 1727; x_wconf 79' lang='grc' dir='ltr'><strong><em>καταγόμενοι</em></strong></span> <span class='ocrx_word' id='word_1_96' title='bbox 1137 1643 1173 1707; x_wconf 75' lang='grc' dir='ltr'><strong><em>αἱ</em></strong></span> 
     </span>
    </p>

    <p class='ocr_par' dir='ltr' id='par_1_10' title="bbox 155 1745 1170 1835">
     <span class='ocr_line' id='line_1_15' title="bbox 155 1745 1170 1835; baseline 0.002 -22"><span class='ocrx_word' id='word_1_97' title='bbox 155 1752 232 1830; x_wconf 85' lang='grc' dir='ltr'><strong><em>ΑΒ,</em></strong></span> <span class='ocrx_word' id='word_1_98' title='bbox 252 1752 315 1812; x_wconf 92' lang='grc' dir='ltr'><strong><em>ΒΖ</em></strong></span> <span class='ocrx_word' id='word_1_99' title='bbox 343 1747 489 1832; x_wconf 80' lang='grc' dir='ltr'><strong><em>εὐθεῖαι,</em></strong></span> <span class='ocrx_word' id='word_1_100' title='bbox 517 1745 572 1814; x_wconf 83' lang='grc' dir='ltr'><strong><em>καὶ</em></strong></span> <span class='ocrx_word' id='word_1_101' title='bbox 601 1749 844 1835; x_wconf 73' lang='grc' dir='ltr'><strong><em>ἐπιζευχθεῖσαι</em></strong></span> <span class='ocrx_word' id='word_1_102' title='bbox 872 1751 909 1814; x_wconf 77' lang='grc' dir='ltr'><strong><em>αἱ</em></strong></span> <span class='ocrx_word' id='word_1_103' title='bbox 930 1755 1009 1832; x_wconf 90' lang='grc' dir='ltr'><strong><em>ΑΖ,</em></strong></span> <span class='ocrx_word' id='word_1_104' title='bbox 1029 1754 1097 1815; x_wconf 85' lang='grc' dir='ltr'><strong><em>ΒΕ</em></strong></span> <span class='ocrx_word' id='word_1_105' title='bbox 1122 1749 1170 1815; x_wconf 84' lang='grc' dir='ltr'><strong><em>έκ-</em></strong></span> 
     </span>
    </p>

    <p class='ocr_par' dir='ltr' id='par_1_11' title="bbox 104 1849 1170 2366">
     <span class='ocr_line' id='line_1_16' title="bbox 104 1849 1170 1940; baseline 0 -18"><span class='ocrx_word' id='word_1_106' title='bbox 104 1875 136 1922; x_wconf 79' lang='lat'><strong><em>15</em></strong></span> <span class='ocrx_word' id='word_1_107' title='bbox 156 1849 411 1937; x_wconf 78' lang='grc' dir='ltr'><strong><em>βεβλήσθωσαν,</em></strong></span> <span class='ocrx_word' id='word_1_108' title='bbox 426 1852 481 1920; x_wconf 83' lang='grc' dir='ltr'><strong><em>καὶ</em></strong></span> <span class='ocrx_word' id='word_1_109' title='bbox 496 1852 648 1940; x_wconf 77' lang='grc' dir='ltr'><strong><em>εἰλήφθω</em></strong></span> <span class='ocrx_word' id='word_1_110' title='bbox 663 1879 694 1920; x_wconf 89' lang='grc' dir='ltr'><strong><em>τι</em></strong></span> <span class='ocrx_word' id='word_1_111' title='bbox 709 1853 762 1921; x_wconf 72' lang='grc' dir='ltr'><strong><em>ἐπὶ</em></strong></span> <span class='ocrx_word' id='word_1_112' title='bbox 777 1856 835 1939; x_wconf 82' lang='grc' dir='ltr'><strong><em>τῆς</em></strong></span> <span class='ocrx_word' id='word_1_113' title='bbox 850 1853 961 1940; x_wconf 82' lang='grc' dir='ltr'><strong><em>ἑτέροις</em></strong></span> <span class='ocrx_word' id='word_1_114' title='bbox 975 1857 1043 1921; x_wconf 75' lang='grc' dir='ltr'><strong><em>τῶν</em></strong></span> <span class='ocrx_word' id='word_1_115' title='bbox 1056 1858 1170 1940; x_wconf 83' lang='grc' dir='ltr'><strong><em>τομων</em></strong></span> 
     </span>
     <span class='ocr_line' id='line_1_17' title="bbox 155 1954 1170 2048; baseline 0.005 -25"><span class='ocrx_word' id='word_1_116' title='bbox 155 1954 258 2043; x_wconf 85' lang='grc' dir='ltr'><strong><em>τυχὸν</em></strong></span> <span class='ocrx_word' id='word_1_117' title='bbox 282 1971 420 2045; x_wconf 79' lang='grc' dir='ltr'><strong><em>σημεῖον</em></strong></span> <span class='ocrx_word' id='word_1_118' title='bbox 438 1955 476 2027; x_wconf 87' lang='grc' dir='ltr'><strong><em>τὸ</em></strong></span> <span class='ocrx_word' id='word_1_119' title='bbox 498 1964 543 2045; x_wconf 90' lang='grc' dir='ltr'><strong><em>Η,</em></strong></span> <span class='ocrx_word' id='word_1_120' title='bbox 565 1958 621 2027; x_wconf 72' lang='grc' dir='ltr'><strong><em>καὶ</em></strong></span> <span class='ocrx_word' id='word_1_121' title='bbox 645 1955 701 2026; x_wconf 75' lang='grc' dir='ltr'><strong><em>διὰ</em></strong></span> <span class='ocrx_word' id='word_1_122' title='bbox 725 1958 786 2045; x_wconf 71' lang='grc' dir='ltr'><strong><em>μὲν</em></strong></span> <span class='ocrx_word' id='word_1_123' title='bbox 809 1963 870 2028; x_wconf 83' lang='grc' dir='ltr'><strong><em>τοῦ</em></strong></span> <span class='ocrx_word' id='word_1_124' title='bbox 890 1967 928 2027; x_wconf 93' lang='grc' dir='ltr'><strong><em>Η</em></strong></span> <span class='ocrx_word' id='word_1_125' title='bbox 947 1970 986 2047; x_wconf 75' lang='grc' dir='ltr'><strong><em>τῇ</em></strong></span> <span class='ocrx_word' id='word_1_126' title='bbox 1001 1967 1066 2026; x_wconf 89' lang='lat' dir='ltr'><strong><em>AB</em></strong></span> <span class='ocrx_word' id='word_1_127' title='bbox 1090 1985 1170 2048; x_wconf 81' lang='grc' dir='ltr'><strong><em>παρ</em></strong></span> 
     </span>
     <span class='ocr_line' id='line_1_18' title="bbox 156 2061 1170 2153; baseline 0.004 -23"><span class='ocrx_word' id='word_1_128' title='bbox 156 2061 299 2151; x_wconf 77' lang='grc' dir='ltr'><strong><em>ἄλληλος</em></strong></span> <span class='ocrx_word' id='word_1_129' title='bbox 322 2063 418 2152; x_wconf 75' lang='grc' dir='ltr'><strong><em>ἤχθω</em></strong></span> <span class='ocrx_word' id='word_1_130' title='bbox 440 2062 462 2152; x_wconf 76' lang='grc' dir='ltr'><em>ἡ</em></span> <span class='ocrx_word' id='word_1_131' title='bbox 487 2072 565 2152; x_wconf 91' lang='grc' dir='ltr'><strong><em>ΗΘ,</em></strong></span> <span class='ocrx_word' id='word_1_132' title='bbox 588 2062 654 2134; x_wconf 75' lang='grc' dir='ltr'><strong><em>ἀπὸ</em></strong></span> <span class='ocrx_word' id='word_1_133' title='bbox 679 2064 717 2134; x_wconf 77' lang='grc' dir='ltr'><strong><em>δὲ</em></strong></span> <span class='ocrx_word' id='word_1_134' title='bbox 739 2069 808 2133; x_wconf 76' lang='grc' dir='ltr'><strong><em>τῶν</em></strong></span> <span class='ocrx_word' id='word_1_135' title='bbox 830 2072 875 2152; x_wconf 90' lang='grc' dir='ltr'><strong><em>Η,</em></strong></span> <span class='ocrx_word' id='word_1_136' title='bbox 895 2073 924 2133; x_wconf 92' lang='grc' dir='ltr'>Θ</span> <span class='ocrx_word' id='word_1_137' title='bbox 946 2066 1170 2153; x_wconf 78' lang='grc' dir='ltr'><strong><em>κατήχθωσαν</em></strong></span> 
     </span>
     <span class='ocr_line' id='line_1_19' title="bbox 155 2171 1170 2259; baseline 0 -20"><span class='ocrx_word' id='word_1_138' title='bbox 155 2172 361 2257; x_wconf 89' lang='grc' dir='ltr'><strong><em>τεταγμένως</em></strong></span> <span class='ocrx_word' id='word_1_139' title='bbox 375 2175 413 2239; x_wconf 76' lang='grc' dir='ltr'><strong><em>αἱ</em></strong></span> <span class='ocrx_word' id='word_1_140' title='bbox 423 2178 505 2258; x_wconf 87' lang='grc' dir='ltr'><strong><em>ΗΚ,</em></strong></span> <span class='ocrx_word' id='word_1_141' title='bbox 520 2179 596 2258; x_wconf 89' lang='grc' dir='ltr'><strong><em>ΘΛ,</em></strong></span> <span class='ocrx_word' id='word_1_142' title='bbox 620 2171 675 2240; x_wconf 79' lang='grc' dir='ltr'><strong><em>διὰ</em></strong></span> <span class='ocrx_word' id='word_1_143' title='bbox 692 2171 730 2240; x_wconf 75' lang='grc' dir='ltr'><strong><em>δὲ</em></strong></span> <span class='ocrx_word' id='word_1_144' title='bbox 743 2176 812 2240; x_wconf 84' lang='grc' dir='ltr'><strong><em>των</em></strong></span> <span class='ocrx_word' id='word_1_145' title='bbox 827 2179 869 2258; x_wconf 91' lang='grc' dir='ltr'><strong><em>Κ,</em></strong></span> <span class='ocrx_word' id='word_1_146' title='bbox 884 2179 916 2239; x_wconf 99' lang='lat' dir='ltr'><em>A</em></span> <span class='ocrx_word' id='word_1_147' title='bbox 928 2187 1000 2253; x_wconf 82' lang='grc' dir='ltr'><strong><em>ταῖς</em></strong></span> <span class='ocrx_word' id='word_1_148' title='bbox 1013 2181 1092 2259; x_wconf 87' lang='grc' dir='ltr'><strong><em>ΑΕ,</em></strong></span> <span class='ocrx_word' id='word_1_149' title='bbox 1106 2180 1135 2239; x_wconf 89' lang='grc' dir='ltr'><strong><em>Β</em></strong></span> <span class='ocrx_word' id='word_1_150' title='bbox 1144 2180 1170 2239; x_wconf 91' lang='grc' dir='ltr'>Ζ</span> 
     </span>
     <span class='ocr_line' id='line_1_20' title="bbox 156 2271 1170 2366; baseline 0.001 -21"><span class='ocrx_word' id='word_1_151' title='bbox 156 2276 362 2365; x_wconf 78' lang='grc' dir='ltr'><strong><em>παράλληλοι</em></strong></span> <span class='ocrx_word' id='word_1_152' title='bbox 380 2280 543 2366; x_wconf 79' lang='grc' dir='ltr'><strong><em>ἤχθωσαν</em></strong></span> <span class='ocrx_word' id='word_1_153' title='bbox 563 2282 601 2346; x_wconf 76' lang='grc' dir='ltr'><strong><em>αἱ</em></strong></span> <span class='ocrx_word' id='word_1_154' title='bbox 613 2287 700 2366; x_wconf 94' lang='grc' dir='ltr'><em>ΚΜ,</em></span> <span class='ocrx_word' id='word_1_155' title='bbox 715 2286 796 2346; x_wconf 91' lang='lat' dir='ltr'><strong><em>AN.</em></strong></span> <span class='ocrx_word' id='word_1_156' title='bbox 832 2279 902 2347; x_wconf 83' lang='grc' dir='ltr'><strong><em>ἐπεὶ</em></strong></span> <span class='ocrx_word' id='word_1_157' title='bbox 921 2271 985 2348; x_wconf 81' lang='grc' dir='ltr'><strong><em>οὖν</em></strong></span> <span class='ocrx_word' id='word_1_158' title='bbox 1004 2287 1059 2365; x_wconf 77' lang='grc' dir='ltr'><strong><em>ἴση</em></strong></span> <span class='ocrx_word' id='word_1_159' title='bbox 1080 2279 1170 2347; x_wconf 72' lang='grc' dir='ltr'><strong><em>ἐστὶν</em></strong></span> 
     </span>
    </p>

    <p class='ocr_par' dir='ltr' id='par_1_12' title="bbox 103 2382 1170 2902">
     <span class='ocr_line' id='line_1_21' title="bbox 103 2382 1169 2479; baseline -0.003 -22"><span class='ocrx_word' id='word_1_160' title='bbox 103 2409 136 2457; x_wconf 83' lang='lat'><strong><em>20</em></strong></span> <span class='ocrx_word' id='word_1_161' title='bbox 156 2382 176 2472; x_wconf 80' lang='grc' dir='ltr'><em>ἡ</em></span> <span class='ocrx_word' id='word_1_162' title='bbox 198 2392 272 2453; x_wconf 92' lang='grc' dir='ltr'><strong><em>ΗΚ</em></strong></span> <span class='ocrx_word' id='word_1_163' title='bbox 292 2390 332 2475; x_wconf 75' lang='grc' dir='ltr'><strong><em>τῇ</em></strong></span> <span class='ocrx_word' id='word_1_164' title='bbox 351 2387 427 2472; x_wconf 86' lang='grc' dir='ltr'><strong><em>ΘΛ,</em></strong></span> <span class='ocrx_word' id='word_1_165' title='bbox 451 2394 527 2454; x_wconf 77' lang='grc' dir='ltr'><strong><em>ἴσον</em></strong></span> <span class='ocrx_word' id='word_1_166' title='bbox 550 2383 616 2474; x_wconf 76' lang='grc' dir='ltr'><strong><em>ἄρα</em></strong></span> <span class='ocrx_word' id='word_1_167' title='bbox 634 2386 690 2453; x_wconf 84' lang='grc' dir='ltr'><strong><em>καὶ</em></strong></span> <span class='ocrx_word' id='word_1_168' title='bbox 712 2385 750 2455; x_wconf 88' lang='grc' dir='ltr'><strong><em>τὸ</em></strong></span> <span class='ocrx_word' id='word_1_169' title='bbox 776 2384 840 2455; x_wconf 79' lang='grc' dir='ltr'><strong><em>ἀπὸ</em></strong></span> <span class='ocrx_word' id='word_1_170' title='bbox 865 2391 923 2474; x_wconf 79' lang='grc' dir='ltr'><strong><em>τῆς</em></strong></span> <span class='ocrx_word' id='word_1_171' title='bbox 941 2391 1016 2454; x_wconf 93' lang='grc' dir='ltr'><strong><em>ΗΚ</em></strong></span> <span class='ocrx_word' id='word_1_172' title='bbox 1034 2388 1080 2479; x_wconf 72' lang='grc' dir='ltr'><strong><em>τρῖ</em></strong></span> <span class='ocrx_word' id='word_1_173' title='bbox 1104 2383 1169 2454; x_wconf 85' lang='grc' dir='ltr'><strong><em>ιἰπὸ</em></strong></span> 
     </span>
     <span class='ocr_line' id='line_1_22' title="bbox 148 2477 1170 2584; baseline 0.001 -24"><span class='ocrx_word' id='word_1_174' title='bbox 148 2477 213 2579; x_wconf 53' lang='grc' dir='ltr'><strong><em>’τῆς</em></strong></span> <span class='ocrx_word' id='word_1_175' title='bbox 231 2501 305 2561; x_wconf 90' lang='grc' dir='ltr'><strong><em>ΘΛ.</em></strong></span> <span class='ocrx_word' id='word_1_176' title='bbox 342 2491 427 2561; x_wconf 80' lang='grc' dir='ltr'><em>ἀλλὰ</em></span> <span class='ocrx_word' id='word_1_177' title='bbox 451 2490 489 2561; x_wconf 91' lang='grc' dir='ltr'><strong><em>τὸ</em></strong></span> <span class='ocrx_word' id='word_1_178' title='bbox 512 2492 574 2580; x_wconf 71' lang='grc' dir='ltr'><strong><em>μὲν</em></strong></span> <span class='ocrx_word' id='word_1_179' title='bbox 596 2490 662 2561; x_wconf 78' lang='grc' dir='ltr'><strong><em>ἀπὸ</em></strong></span> <span class='ocrx_word' id='word_1_180' title='bbox 682 2498 741 2580; x_wconf 82' lang='grc' dir='ltr'><strong><em>της</em></strong></span> <span class='ocrx_word' id='word_1_181' title='bbox 759 2500 834 2561; x_wconf 91' lang='grc' dir='ltr'><strong><em>ΗΚ</em></strong></span> <span class='ocrx_word' id='word_1_182' title='bbox 856 2503 931 2562; x_wconf 72' lang='grc' dir='ltr'><strong><em>ἴσον</em></strong></span> <span class='ocrx_word' id='word_1_183' title='bbox 951 2494 1019 2561; x_wconf 82' lang='grc' dir='ltr'><strong><em>ἐστὶ</em></strong></span> <span class='ocrx_word' id='word_1_184' title='bbox 1039 2498 1085 2584; x_wconf 77' lang='grc' dir='ltr'><strong><em>τῷ</em></strong></span> <span class='ocrx_word' id='word_1_185' title='bbox 1105 2490 1170 2561; x_wconf 83' lang='grc' dir='ltr'><strong><em>ὑπὸ</em></strong></span> 
     </span>
     <span class='ocr_line' id='line_1_23' title="bbox 154 2598 1170 2693; baseline 0.001 -26"><span class='ocrx_word' id='word_1_186' title='bbox 154 2603 223 2668; x_wconf 78' lang='grc' dir='ltr'><strong><em>τῶν</em></strong></span> <span class='ocrx_word' id='word_1_187' title='bbox 237 2607 363 2686; x_wconf 89' lang='grc' dir='ltr'><em>ΑΚΜ,</em></span> <span class='ocrx_word' id='word_1_188' title='bbox 385 2600 423 2670; x_wconf 91' lang='grc' dir='ltr'><strong><em>τὸ</em></strong></span> <span class='ocrx_word' id='word_1_189' title='bbox 440 2599 477 2667; x_wconf 75' lang='grc' dir='ltr'><strong><em>δὲ</em></strong></span> <span class='ocrx_word' id='word_1_190' title='bbox 491 2599 557 2667; x_wconf 79' lang='grc' dir='ltr'><strong><em>ἀπὸ</em></strong></span> <span class='ocrx_word' id='word_1_191' title='bbox 571 2610 629 2689; x_wconf 79' lang='grc' dir='ltr'><strong><em>τῆς</em></strong></span> <span class='ocrx_word' id='word_1_192' title='bbox 643 2608 708 2668; x_wconf 90' lang='grc' dir='ltr'><strong><em>ΘΛ</em></strong></span> <span class='ocrx_word' id='word_1_193' title='bbox 732 2609 808 2669; x_wconf 78' lang='grc' dir='ltr'><strong><em>ἴσον</em></strong></span> <span class='ocrx_word' id='word_1_194' title='bbox 827 2605 873 2693; x_wconf 76' lang='grc' dir='ltr'><strong><em>τῷ</em></strong></span> <span class='ocrx_word' id='word_1_195' title='bbox 888 2598 953 2668; x_wconf 86' lang='grc' dir='ltr'><strong><em>ὑπὸ</em></strong></span> <span class='ocrx_word' id='word_1_196' title='bbox 967 2604 1036 2667; x_wconf 76' lang='grc' dir='ltr'><strong><em>τῶν</em></strong></span> <span class='ocrx_word' id='word_1_197' title='bbox 1052 2607 1170 2668; x_wconf 90' lang='lat' dir='ltr'><strong><em>BAN·</em></strong></span> 
     </span>
     <span class='ocr_line' id='line_1_24' title="bbox 149 2703 1169 2798; baseline 0.001 -27"><span class='ocrx_word' id='word_1_198' title='bbox 149 2703 192 2772; x_wconf 78' lang='grc' dir='ltr'><strong><em>’τὸ</em></strong></span> <span class='ocrx_word' id='word_1_199' title='bbox 217 2704 282 2791; x_wconf 71' lang='grc' dir='ltr'><strong><em>ἄρα</em></strong></span> <span class='ocrx_word' id='word_1_200' title='bbox 305 2704 371 2775; x_wconf 78' lang='grc' dir='ltr'><strong><em>ὑπὸ</em></strong></span> <span class='ocrx_word' id='word_1_201' title='bbox 391 2713 508 2774; x_wconf 87' lang='grc' dir='ltr'><em>ΑΚΜ</em></span> <span class='ocrx_word' id='word_1_202' title='bbox 528 2715 603 2775; x_wconf 71' lang='grc' dir='ltr'><strong><em>ἴσον</em></strong></span> <span class='ocrx_word' id='word_1_203' title='bbox 627 2707 695 2775; x_wconf 80' lang='grc' dir='ltr'><strong><em>ἐστὶ</em></strong></span> <span class='ocrx_word' id='word_1_204' title='bbox 719 2710 765 2798; x_wconf 75' lang='grc' dir='ltr'><strong><em>τῷ</em></strong></span> <span class='ocrx_word' id='word_1_205' title='bbox 789 2704 854 2774; x_wconf 86' lang='grc' dir='ltr'><strong><em>ὑπὸ</em></strong></span> <span class='ocrx_word' id='word_1_206' title='bbox 874 2712 988 2774; x_wconf 91' lang='lat' dir='ltr'><em>BAN.</em></span> <span class='ocrx_word' id='word_1_207' title='bbox 1025 2705 1080 2772; x_wconf 81' lang='grc' dir='ltr'><strong><em>καὶ</em></strong></span> <span class='ocrx_word' id='word_1_208' title='bbox 1100 2706 1169 2774; x_wconf 78' lang='grc' dir='ltr'><strong><em>ἐπεὶ</em></strong></span> 
     </span>
     <span class='ocr_line' id='line_1_25' title="bbox 156 2809 1169 2902; baseline 0.003 -26"><span class='ocrx_word' id='word_1_209' title='bbox 156 2819 211 2896; x_wconf 80' lang='grc' dir='ltr'><strong><em>ἴση</em></strong></span> <span class='ocrx_word' id='word_1_210' title='bbox 232 2812 324 2879; x_wconf 78' lang='grc' dir='ltr'><strong><em>ἐστὶν</em></strong></span> <span class='ocrx_word' id='word_1_211' title='bbox 341 2811 362 2899; x_wconf 84' lang='grc' dir='ltr'><em>ἡ</em></span> <span class='ocrx_word' id='word_1_212' title='bbox 378 2822 447 2881; x_wconf 88' lang='grc' dir='ltr'><strong><em>ΑΕ</em></strong></span> <span class='ocrx_word' id='word_1_213' title='bbox 463 2817 502 2902; x_wconf 74' lang='grc' dir='ltr'><strong><em>τῇ</em></strong></span> <span class='ocrx_word' id='word_1_214' title='bbox 516 2821 589 2900; x_wconf 91' lang='grc' dir='ltr'><strong><em>ΒΖ,</em></strong></span> <span class='ocrx_word' id='word_1_215' title='bbox 608 2812 794 2900; x_wconf 63' lang='grc' dir='ltr'><strong><em>έστινᾶρα,</em></strong></span> <span class='ocrx_word' id='word_1_216' title='bbox 814 2811 859 2892; x_wconf 82' lang='grc' dir='ltr'><strong><em>ὡς</em></strong></span> <span class='ocrx_word' id='word_1_217' title='bbox 876 2809 896 2899; x_wconf 80' lang='grc' dir='ltr'>ἡ</span> <span class='ocrx_word' id='word_1_218' title='bbox 912 2820 980 2879; x_wconf 85' lang='grc' dir='ltr'><strong><em>ΑΕ</em></strong></span> <span class='ocrx_word' id='word_1_219' title='bbox 996 2810 1079 2897; x_wconf 87' lang='grc' dir='ltr'><strong><em>πρὸς</em></strong></span> <span class='ocrx_word' id='word_1_220' title='bbox 1093 2820 1169 2898; x_wconf 91' lang='grc' dir='ltr'><strong><em>ΑΒ,</em></strong></span> 
     </span>
    </p>

    <p class='ocr_par' dir='ltr' id='par_1_13' title="bbox 103 2915 1171 3222">
     <span class='ocr_line' id='line_1_26' title="bbox 103 2915 1169 3006; baseline 0.001 -21"><span class='ocrx_word' id='word_1_221' title='bbox 103 2938 137 2986; x_wconf 83' lang='lat'><strong><em>25</em></strong></span> <span class='ocrx_word' id='word_1_222' title='bbox 157 2916 263 2998; x_wconf 73' lang='grc' dir='ltr'><strong><em>οὕτως</em></strong></span> <span class='ocrx_word' id='word_1_223' title='bbox 281 2915 301 3004; x_wconf 78' lang='grc' dir='ltr'><em>ἡ</em></span> <span class='ocrx_word' id='word_1_224' title='bbox 322 2926 384 2986; x_wconf 89' lang='grc' dir='ltr'><strong><em>ΒΖ</em></strong></span> <span class='ocrx_word' id='word_1_225' title='bbox 407 2918 489 3006; x_wconf 88' lang='grc' dir='ltr'><strong><em>πρὸς</em></strong></span> <span class='ocrx_word' id='word_1_226' title='bbox 507 2928 585 2987; x_wconf 87' lang='lat' dir='ltr'><strong><em>BA.</em></strong></span> <span class='ocrx_word' id='word_1_227' title='bbox 622 2917 696 2988; x_wconf 82' lang='grc' dir='ltr'><strong><em>ἀλλ’</em></strong></span> <span class='ocrx_word' id='word_1_228' title='bbox 718 2918 763 3000; x_wconf 80' lang='grc' dir='ltr'><strong><em>ὡς</em></strong></span> <span class='ocrx_word' id='word_1_229' title='bbox 781 2920 843 3006; x_wconf 76' lang='grc' dir='ltr'><strong><em>μὲν</em></strong></span> <span class='ocrx_word' id='word_1_230' title='bbox 861 2916 882 3005; x_wconf 83' lang='grc' dir='ltr'><em>ἡ</em></span> <span class='ocrx_word' id='word_1_231' title='bbox 902 2927 970 2986; x_wconf 87' lang='lat' dir='ltr'><strong><em>AE</em></strong></span> <span class='ocrx_word' id='word_1_232' title='bbox 989 2918 1074 3004; x_wconf 88' lang='grc' dir='ltr'><strong><em>πρὸς</em></strong></span> <span class='ocrx_word' id='word_1_233' title='bbox 1092 2927 1169 3005; x_wconf 89' lang='grc' dir='ltr'><strong><em>ΑΒ,</em></strong></span> 
     </span>
     <span class='ocr_line' id='line_1_27' title="bbox 157 3020 1171 3114; baseline 0.003 -23"><span class='ocrx_word' id='word_1_234' title='bbox 157 3020 263 3103; x_wconf 77' lang='grc' dir='ltr'><strong><em>οὕτως</em></strong></span> <span class='ocrx_word' id='word_1_235' title='bbox 285 3021 305 3110; x_wconf 81' lang='grc' dir='ltr'><em>ἡ</em></span> <span class='ocrx_word' id='word_1_236' title='bbox 325 3031 404 3093; x_wconf 91' lang='grc' dir='ltr'><strong><em>ΜΚ</em></strong></span> <span class='ocrx_word' id='word_1_237' title='bbox 425 3023 510 3111; x_wconf 86' lang='grc' dir='ltr'><strong><em>πρὸς</em></strong></span> <span class='ocrx_word' id='word_1_238' title='bbox 527 3026 605 3111; x_wconf 90' lang='grc' dir='ltr'><strong><em>ΚΒ,</em></strong></span> <span class='ocrx_word' id='word_1_239' title='bbox 629 3024 676 3107; x_wconf 77' lang='grc' dir='ltr'><strong><em>ὡς</em></strong></span> <span class='ocrx_word' id='word_1_240' title='bbox 694 3026 731 3094; x_wconf 75' lang='grc' dir='ltr'><strong><em>δὲ</em></strong></span> <span class='ocrx_word' id='word_1_241' title='bbox 749 3024 769 3114; x_wconf 77' lang='grc' dir='ltr'><em>ἡ</em></span> <span class='ocrx_word' id='word_1_242' title='bbox 785 3033 846 3092; x_wconf 88' lang='grc' dir='ltr'><strong><em>ΖΒ</em></strong></span> <span class='ocrx_word' id='word_1_243' title='bbox 866 3025 950 3114; x_wconf 87' lang='grc' dir='ltr'><strong><em>πρὸς</em></strong></span> <span class='ocrx_word' id='word_1_244' title='bbox 964 3033 1040 3109; x_wconf 92' lang='grc' dir='ltr'><strong><em>ΒΑ,</em></strong></span> <span class='ocrx_word' id='word_1_245' title='bbox 1064 3024 1171 3106; x_wconf 78' lang='grc' dir='ltr'><strong><em>οὕτως</em></strong></span> 
     </span>
     <span class='ocr_line' id='line_1_28' title="bbox 155 3126 1170 3222; baseline 0.004 -25"><span class='ocrx_word' id='word_1_246' title='bbox 155 3126 177 3216; x_wconf 76' lang='grc' dir='ltr'><em>ἡ</em></span> <span class='ocrx_word' id='word_1_247' title='bbox 195 3136 234 3197; x_wconf 93' lang='grc' dir='ltr'><em>Ν</em></span> <span class='ocrx_word' id='word_1_248' title='bbox 236 3138 267 3198; x_wconf 95' lang='grc' dir='ltr'><em>Λ</em></span> <span class='ocrx_word' id='word_1_249' title='bbox 285 3128 368 3219; x_wconf 87' lang='grc' dir='ltr'><strong><em>πρὸς</em></strong></span> <span class='ocrx_word' id='word_1_250' title='bbox 387 3138 464 3199; x_wconf 90' lang='grc' dir='ltr'><strong><em>ΛΑ.</em></strong></span> <span class='ocrx_word' id='word_1_251' title='bbox 500 3134 556 3201; x_wconf 82' lang='grc' dir='ltr'><strong><em>καὶ</em></strong></span> <span class='ocrx_word' id='word_1_252' title='bbox 575 3131 619 3212; x_wconf 81' lang='grc' dir='ltr'><strong><em>ὡς</em></strong></span> <span class='ocrx_word' id='word_1_253' title='bbox 638 3134 704 3222; x_wconf 75' lang='grc' dir='ltr'><strong><em>ἄρα</em></strong></span> <span class='ocrx_word' id='word_1_254' title='bbox 723 3130 743 3219; x_wconf 82' lang='grc' dir='ltr'><em>ἡ</em></span> <span class='ocrx_word' id='word_1_255' title='bbox 765 3139 842 3199; x_wconf 89' lang='grc' dir='ltr'><strong><em>ΜΚ</em></strong></span> <span class='ocrx_word' id='word_1_256' title='bbox 861 3131 945 3220; x_wconf 88' lang='grc' dir='ltr'><strong><em>πρὸς</em></strong></span> <span class='ocrx_word' id='word_1_257' title='bbox 963 3139 1040 3219; x_wconf 86' lang='grc' dir='ltr'><em>ΚΒ,</em></span> <span class='ocrx_word' id='word_1_258' title='bbox 1064 3132 1170 3213; x_wconf 79' lang='grc' dir='ltr'><strong><em>οὕτως</em></strong></span> 
     </span>
    </p>
   </div>
   <div class='ocr_carea' id='block_1_3' title="bbox 228 3356 1170 3491">
    <p class='ocr_par' dir='ltr' id='par_1_14' title="bbox 228 3356 1170 3491">
     <span class='ocr_line' id='line_1_29' title="bbox 228 3356 1170 3491; baseline 0.004 -77"><span class='ocrx_word' id='word_1_259' title='bbox 228 3356 419 3448; x_wconf 69' lang='lat' dir='ltr'><strong><em>1.‘t‘J](pr.)p,</em></strong></span> <span class='ocrx_word' id='word_1_260' title='bbox 439 3363 537 3419; x_wconf 88' lang='lat' dir='ltr'><strong><em>0m.V</em></strong></span> <span class='ocrx_word' id='word_1_261' title='bbox 592 3361 977 3491; x_wconf 45' lang='lat' dir='ltr'><strong><em>4.25}1p‚0m.,Vm..2v</em></strong></span> <span class='ocrx_word' id='word_1_262' title='bbox 1034 3370 1170 3434; x_wconf 66' lang='grc' dir='ltr'><strong><em>Βατρα-</em></strong></span> 
     </span>
    </p>
   </div>
   <div class='ocr_carea' id='block_1_4' title="bbox 155 3429 1169 3578">
    <p class='ocr_par' dir='ltr' id='par_1_15' title="bbox 155 3429 1169 3578">
     <span class='ocr_line' id='line_1_30' title="bbox 155 3429 1169 3521; baseline 0.002 -34"><span class='ocrx_word' id='word_1_263' title='bbox 155 3429 330 3521; x_wconf 79' lang='grc' dir='ltr'><strong><em>τεταγμένως</em></strong></span> <span class='ocrx_word' id='word_1_264' title='bbox 349 3433 568 3502; x_wconf 78' lang='grc' dir='ltr'><strong><em>κατηγμένηΚς</em></strong></span> <span class='ocrx_word' id='word_1_265' title='bbox 588 3452 650 3490; x_wconf 85' lang='lat' dir='ltr'>corr</span> <span class='ocrx_word' id='word_1_266' title='bbox 704 3435 786 3506; x_wconf 85' lang='lat' dir='ltr'>alley.</span> <span class='ocrx_word' id='word_1_267' title='bbox 851 3441 893 3490; x_wconf 93' lang='grc'><strong><em>11</em></strong></span> <span class='ocrx_word' id='word_1_268' title='bbox 913 3455 1039 3505; x_wconf 82' lang='grc' dir='ltr'><strong><em>παρατιτ</em></strong></span> <span class='ocrx_word' id='word_1_269' title='bbox 1023 3435 1169 3506; x_wconf 84' lang='grc' dir='ltr'><strong><em>ταγμένως</em></strong></span> 
     </span>
     <span class='ocr_line' id='line_1_31' title="bbox 155 3501 1080 3578; baseline 0.002 -20"><span class='ocrx_word' id='word_1_270' title='bbox 155 3501 374 3575; x_wconf 77' lang='grc' dir='ltr'><strong><em>κατηγμένηΚ;</em></strong></span> <span class='ocrx_word' id='word_1_271' title='bbox 394 3521 462 3560; x_wconf 85' lang='lat' dir='ltr'><strong>corr.</strong></span> <span class='ocrx_word' id='word_1_272' title='bbox 482 3503 594 3566; x_wconf 78' lang='lat' dir='ltr'>Halley.</span> <span class='ocrx_word' id='word_1_273' title='bbox 675 3513 718 3562; x_wconf 76' lang='lat'><strong><em>21</em></strong></span> <span class='ocrx_word' id='word_1_274' title='bbox 739 3507 812 3578; x_wconf 74' lang='grc' dir='ltr'><strong><em>ἴσον]</em></strong></span> <span class='ocrx_word' id='word_1_275' title='bbox 834 3524 886 3562; x_wconf 89' lang='lat' dir='ltr'><strong><em>om.</em></strong></span> <span class='ocrx_word' id='word_1_276' title='bbox 907 3507 944 3574; x_wconf 90' lang='lat' dir='ltr'><strong><em>V,</em></strong></span> <span class='ocrx_word' id='word_1_277' title='bbox 964 3524 1033 3562; x_wconf 82' lang='lat' dir='ltr'><strong>corr.</strong></span> <span class='ocrx_word' id='word_1_278' title='bbox 1052 3526 1080 3577; x_wconf 89' lang='lat' dir='ltr'>p</span> 
     </span>
    </p>
   </div>
   <div class='ocr_carea' id='block_1_5' title="bbox 0 0 1224 3892">
    <p class='ocr_par' dir='ltr' id='par_1_16' title="bbox 0 0 1224 3892">
     <span class='ocr_line' id='line_1_32' title="bbox 0 0 1224 3892; baseline 0 0"><span class='ocrx_word' id='word_1_279' title='bbox 0 0 1224 3892; x_wconf 95' lang='lat' dir='ltr'><strong><em> </em></strong></span> 
     </span>
    </p>
   </div>
  </div>
 </body>
</html>
