2438 3892
152 159 196 222 20
550 158 716 211 ΚΩΝΙΚΩΝ
735 153 775 211 α’.

153 308 254 367 ΕΖΔ
286 309 361 368 ίσον
390 299 459 367 ἐστὶ
488 302 534 391 τῷ
562 296 627 367 ὑπὸ
657 303 726 367 τών
754 305 868 368 ΚΖΗ.
917 297 1007 368 ἀλλὰ
1036 313 1086 396 τῷ
1116 301 1178 373 ὑπὸ

151 410 219 474 τών
239 415 340 474 ΕΖΔ
368 416 443 474 ίσον
468 408 604 492 ἐδείχθη
627 403 665 474 τὸ
690 403 755 474 ἀπὸ
779 410 838 491 τῆς
860 412 935 472 ΖΘ·
966 407 1028 474 καὶ
1053 406 1094 478 τὸ
1115 409 1178 478 ὑπὸ

154 517 220 581 τών
239 520 316 599 ΚΖ,
336 519 407 581 ΖΗ
426 511 492 600 ἄρα
516 522 592 580 ίσον
615 513 685 580 ἐστὶ
708 516 752 603 τῷ
776 509 841 580 ἀπὸ
861 516 919 598 τής
939 520 1013 580 ΖΘ.
1055 512 1179 602 ὁμοίως

155 619 196 705 δή
221 618 462 707 δειχθήσονται
478 619 534 685 καὶ
553 621 657 685 πᾶσαι
676 621 712 685 αί
729 615 794 685 ιἰπὸ
813 622 872 703 τῆς
890 624 1000 685 ΗΘΚ
1023 626 1179 709 γραμμῆς

119 726 206 793 σέπί
229 726 291 812 τήν
312 731 386 792 ΗΚ
399 721 547 811 ήγμέναι
570 722 709 791 κᾶθετοι
733 733 809 791 ίσον
831 721 1020 809 δυνᾶμεναι
1045 732 1095 820 τῷ
1115 725 1178 796 ὑπὸ

153 841 221 899 τών
244 830 425 918 τμημάτων
448 835 506 916 τής
529 838 611 899 ΗΚ.

220 936 342 1016 κύκλος
365 935 431 1021 ἄρα
454 937 544 1004 ἐστὶν
567 933 588 1023 ή
611 935 707 1022 τομή,
733 926 776 1004 οὗ
799 935 975 1023 διάμετρος
998 935 1022 1024 ἡ
1049 946 1133 1008 ΗΚ.

644 1155 685 1204 ς.

86 1328 90 1333 ,
218 1252 297 1322 Ἐὰν
321 1259 429 1333 κώνος
448 1256 591 1345 ἐπιπέδῳ
610 1260 724 1344 τμηθῇ
745 1253 802 1324 διὰ
819 1259 880 1323 τοῦ
901 1253 1034 1342 ἄξονος,
1060 1264 1178 1348 ληφθή

102 1375 135 1423 10
155 1363 195 1429 δέ
219 1388 251 1428 τι
280 1375 419 1448 σημεῖον
448 1362 501 1429 ἐπὶ
527 1365 586 1448 τῆς
613 1366 674 1429 τοῦ
702 1361 816 1430 κώνου
840 1364 1056 1449 ἐπιφανείας,
1091 1361 1111 1433 δ
1136 1364 1178 1452 μή

50 1506 54 1511 -
156 1471 246 1536 ἐστιν
270 1469 323 1537 ἐπὶ
347 1473 404 1555 τής
427 1473 573 1556 πλευρᾶς
600 1472 662 1536 τοῦ
686 1467 742 1535 διᾶ
765 1471 827 1536 τοῦ
850 1466 971 1549 ἄξονος
992 1470 1179 1558 τριγώνου,

154 1576 209 1641 καὶ
233 1573 290 1642 ἄπ’
315 1572 421 1643 αὐτοῦ
445 1573 534 1663 ἄχθή
558 1573 771 1661 παρᾶλληλος
800 1573 916 1663 εὐθείᾳ
943 1580 1028 1660 τινί,
1058 1575 1082 1663 ή
1112 1580 1180 1647 ἐστι

154 1680 297 1760 κάθετος
317 1678 382 1747 ἄπὸ
401 1684 459 1766 τής
477 1688 690 1768 περιφερείας
702 1685 763 1748 τοῦ
777 1680 904 1748 κύκλου
919 1680 971 1749 ἐπὶ
990 1679 1057 1767 τήν
1077 1683 1179 1770 βάσιν

154 1789 216 1853 τοῦ
239 1784 422 1871 τριγώνου,
450 1793 616 1872 συμβαλεῖ
641 1791 686 1878 τῷ
711 1785 768 1856 διὰ
791 1792 854 1855 τοῦ
877 1786 998 1869 ἄξονος
1019 1791 1178 1884 τριγώνῳ

102 1906 135 1955 15
154 1890 210 1958 καὶ
233 1895 548 1979 προσεκβαλλομένη
572 1894 634 1972 ἕως
656 1896 718 1960 τοῦ
741 1894 857 1977 ἑτέρου
879 1896 1002 1980 μέρους
1024 1900 1089 1982 τῆς
1112 1901 1180 1967 έπι-

155 2003 296 2082 φανείας
320 2000 396 2085 δίχα
419 1998 627 2085 τμηθήσεται
650 1996 716 2067 ὑπὸ
740 2003 801 2067 τοῦ
824 1999 1002 2087 τριγώνου.

222 2108 305 2171 ἔστω
328 2116 447 2190 κώνος,
473 2097 514 2173 οὗ
536 2104 670 2192 κορυφὴ
694 2105 756 2192 μὲν
778 2104 816 2174 τὸ
841 2115 873 2173 Α
895 2119 1056 2194 σημεῖον,
1081 2111 1180 2196 βάσις

155 2207 192 2276 δέ
216 2207 234 2277 ὁ
254 2217 321 2278 ΒΓ
339 2211 471 2299 κύκλος,
494 2214 550 2279 καί
573 2212 749 2299 τετμήσθω
774 2210 792 2280 ὁ
815 2217 925 2293 κῶνος
948 2214 1098 2307 ἐπιπέδῳ
1122 2218 1178 2286 διὰ

153 2319 215 2384 τοῦ
239 2315 375 2403 ἄξονος,
403 2319 458 2385 καί
481 2325 615 2387 ποιείτω
643 2318 764 2405 κοινήν
791 2317 898 2406 τομήν
921 2317 958 2387 τὸ
982 2327 1092 2389 ΑΒΓ
1113 2330 1178 2412 τρί-

101 2439 135 2487 20
153 2450 278 2510 γωνον,
303 2426 358 2492 καί
383 2421 447 2493 ἄπό
471 2452 562 2504 τινος
587 2431 728 2511 σημείου
750 2428 819 2493 τών
843 2426 895 2493 ἐπὶ
918 2429 976 2512 τής
1000 2433 1070 2495 ΒΓ
1090 2453 1178 2517 περι-

153 2538 288 2618 φερείας
320 2534 382 2598 τοῦ
407 2538 452 2598 Μ
473 2530 618 2610 κᾶθετος
646 2529 742 2616 ήχθω
771 2531 823 2597 ἐπὶ
850 2530 913 2617 τήν
941 2537 1008 2598 ΒΓ
1035 2530 1058 2618 ἡ
1089 2544 1176 2604 ΜΝ.

154 2637 307 2724 εἰλήφθω
333 2636 374 2722 δὴ
399 2638 451 2705 ἐπί
474 2641 532 2724 τής
556 2640 752 2723 ἐπιφανείας
770 2641 831 2705 τοῦ
849 2636 963 2705 κώνου
982 2641 1128 2724 σημεῖόν
1146 2669 1176 2709 τι

153 2741 190 2809 τὸ
206 2752 250 2828 Λ,
274 2744 330 2809 καί
354 2741 410 2810 διδι
428 2748 489 2811 τοῦ
505 2752 538 2810 Α
561 2747 600 2831 τή
616 2750 700 2811 ΜΝ
713 2743 925 2830 παράλληλος
943 2742 1040 2830 ήχθω
1061 2743 1174 2832 ἡΛΕ.

154 2849 250 2933 λέγω,
276 2846 326 2916 ὅτι
350 2845 370 2934 ή
392 2857 460 2916 ΔΕ
482 2852 710 2935 ἐκβαλλομένη
730 2862 944 2937 συμπεσεῖται
962 2854 1007 2939 τῷ
1028 2852 1175 2943 ἐπιπέδῳ

102 2967 135 3016 25
154 2957 214 3021 τοῦ
229 2960 333 3021 ΑΒΓ
347 2954 516 3039 τριγώνου
534 2955 589 3021 καὶ
604 2957 917 3043 προσεκβαλλομένη
938 2956 990 3023 ἐπὶ
1004 2959 1042 3024 τὸ
1059 2960 1175 3047 ἕτερον

155 3061 254 3145 μέρος
267 3064 329 3128 τοῦ
343 3060 468 3145 κώνου,
483 3059 578 3148 ἄχρις
592 3057 635 3129 ἄν
650 3065 800 3151 συμπέση
814 3067 854 3151 τή
867 3065 1045 3152 ἐπιφανείᾳ
1055 3065 1174 3151 αὐτοῦ,

156 3170 232 3253 δίχα
251 3165 458 3253 τμηθήσεται
471 3164 537 3236 ὑπὸ
553 3173 613 3236 τοῦ
628 3171 788 3238 ἐπιπέδου
800 3174 861 3238 τοῦ
876 3175 981 3237 ΑΒΓ
994 3171 1173 3256 τριγώνου.

209 3368 231 3416 1.
253 3358 359 3415 ἐστί-
375 3369 399 3417 2.
416 3363 489 3433 ἴσον]
505 3379 558 3418 om.
574 3363 608 3432 V,
624 3380 724 3433 comp
739 3367 810 3433 (ΚΖ,
826 3367 882 3418 ΖΗ
900 3367 929 3418 ολ
948 3366 1007 3431 ΕΖ,
1024 3367 1098 3436 ΖΔ).
1149 3373 1173 3422 2.

155 3432 489 3503 ΖΘ]ΕΘλί;οοπ.ρ.
545 3434 1072 3504 5.HK]p‚HPV‚0orr.m.2v.
1132 3445 1174 3494 12.

154 3499 271 3576 εὐθείᾳ]
290 3520 348 3573 rep.
368 3522 425 3573 mg.
444 3524 480 3559 m.
500 3521 554 3558 reo.
576 3506 608 3560 V.
683 3511 724 3561 14.
744 3509 886 3579 συμβαλεῖ
901 3505 935 3572 V,
955 3505 1003 3560 sed
1023 3522 1096 3564 corr.
