2446 3916
123 160 189 227 368
519 156 743 231 mmm.
795 142 798 147 ⁵
880 136 907 155 ⁵

123 302 200 389 ἄρα,
223 299 269 383 ὥς
290 301 329 371 τὸ
352 299 419 372 άπὸ
443 307 510 371 ΕΛ
531 297 617 388 πρὸς
639 300 677 371 τὸ
701 298 768 371 άπὸ
786 308 874 388 AA,
895 302 938 373 τὸ
960 300 1031 372 ὑπὸ
1050 304 1140 379 ΘΞΣ

122 433 208 495 προς
229 434 268 478 το
291 406 359 477 ὑπὸ
381 411 493 485 ΗΞΟ.
620 494 654 564 δ’

598 522 618 564 ιι
656 549 665 565 .

188 619 268 690 Ἐάν
291 622 329 690 ἐν
351 635 423 701 ταῖς
444 622 529 688 κατά
553 626 713 707 συζυγίαν
734 617 981 708 ἀντικειμέναις
1000 619 1065 690 άπὸ
1082 624 1135 690 τοῦ

88 729 265 813 οιιίντροο
293 730 461 814 διαχθῶσι
487 725 572 815 πρὸς
598 726 657 807 τὰς
683 725 789 813 τομάς
815 728 880 795 δύο
909 725 1058 816 εὐθεῖαι,
1086 727 1134 795 ιιαλ

124 835 260 920 λέγηται
285 831 399 902 αὐτῶν
421 831 442 919 ἡ
466 834 528 917 μὲν
551 838 677 919 πλαγία
699 831 893 920 διάμετρος,
920 830 943 920 ἡ
968 832 1008 901 δὲ
1030 833 1134 921 ὀρθία,

124 935 257 1026 άχθῶσι
280 939 322 1007 δέ
339 964 429 1018 τινες
450 935 541 1024 παρὰ
558 935 617 1019 τὰς
635 936 698 1007 δύο
718 938 920 1025 διαμέτρους
937 946 1134 1027 συμπίπτον-

123 1063 181 1113 σαι
204 1042 365 1131 ἀλλήλαις
385 1046 442 1114 καὶ
464 1058 537 1125 ταῖς
558 1058 685 1132 τομαῖς,
707 1040 729 1131 ἡ
753 1043 792 1112 δὲ
815 1043 1011 1131 σύμπτωσις
1031 1037 1054 1137 ᾖ
1074 1049 1135 1114 τάν

126 1148 272 1219 εὐθειῶν
295 1153 333 1219 ἐν
354 1162 401 1243 τῷ
425 1152 548 1238 μεταξὺ
569 1150 660 1242 τόπῳ
678 1160 748 1218 τάν
765 1149 941 1238 τεσσάρων
957 1155 1082 1239 τομάν,
1101 1150 1135 1221 τὸ

73 1280 108 1331 10
124 1255 363 1344 περιεχόμενον
389 1255 454 1325 ὑπὸ
483 1267 552 1325 τῶν
579 1255 758 1344 τμημάτων
782 1259 842 1344 τῆς
863 1258 1135 1347 παραλλήλοοτῇ

125 1368 249 1453 πλαγίᾳ
284 1360 367 1449 μετὰ
401 1367 463 1431 τοῦ
500 1361 583 1448 πρὸς
619 1359 638 1430 ὃ
670 1363 774 1448 λόγον
806 1368 874 1450 ἔχει
905 1362 944 1433 τὸ
976 1361 1052 1433 ὑπὸ·
1074 1374 1136 1433 τῶν

125 1469 306 1556 τμημάτων
332 1471 392 1555 τῆς
417 1458 635 1556 παράλληλον
656 1471 697 1557 τῇ
721 1464 842 1559 ὀρθία,
869 1464 912 1536 ὃν
933 1492 973 1537 το
998 1466 1063 1538 άπὸ
1084 1472 1137 1556 τῆς

126 1571 249 1661 ὀρθίας
278 1572 363 1661 πρὸς
390 1573 429 1642 τὸ
459 1573 525 1642 άπὸ
552 1578 611 1660 τῆς
637 1577 780 1659 πλαγίας
805 1571 1035 1663 τετράγωνον,
1067 1583 1136 1644 ίσον

128 1686 220 1749 ἔσται
238 1682 285 1770 τῷ
305 1680 357 1760 δίς
375 1676 441 1748 άπὸ
458 1682 517 1765 τῆς
535 1677 688 1766 ἡμισείας
704 1682 765 1766 τῆς
782 1686 925 1766 πλαγίας
937 1680 1137 1773 τετραγάνμ.

75 1812 109 1860 15
195 1792 345 1854 ἔστωσαν
363 1811 447 1854 κατα
466 1792 627 1872 συζυγίαν
644 1782 871 1873 άντικείμεναι
884 1789 923 1855 αί
934 1796 978 1875 A,
993 1794 1033 1875 B,
1046 1794 1085 1875 Γ,
1097 1795 1136 1873 A,

127 1884 177 1960 ὧν
203 1895 345 1978 κέντρον
372 1916 409 1958 το
437 1898 483 1975 Ε,
509 1891 566 1958 καὶ
593 1888 660 1959 άπὸ
686 1892 748 1958 τοῦ
777 1897 810 1958 Ε
836 1890 1034 1979 διήχθωσαν
1061 1891 1138 1981 ἥτε

127 2004 231 2065 ΑΕΓ
249 2001 372 2080 πλαγία
394 1996 450 2062 καί
473 1993 494 2082 ἡ
522 2004 623 2064 ΔΕΒ
648 1993 764 2084 ὀρθία,
787 1997 843 2064 καὶ
865 1997 956 2082 παρά
979 1999 1039 2080 τὰς
1061 2006 1136 2085 ΑΓ,

129 2109 196 2168 ΑΒ
219 2100 382 2188 ἤχθωσαν
406 2105 443 2167 αί
464 2108 680 2190 ΖΗΘΙΚΛ,
699 2105 924 2179 ΜΝΞΟΠΡ
942 2111 1136 2192 συμπίπτον

128 2228 184 2276 σαι
216 2207 375 2293 άλλήλαις
406 2207 488 2276 κατὰ
520 2207 558 2278 τὸ
587 2211 627 2284 Ξ·
677 2214 761 2277 ἔστω
795 2209 832 2277 δὲ
859 2209 1025 2298 πρότερον
1052 2211 1089 2281 τὸ
1115 2214 1139 2288 Ξ

75 2342 109 2389 20
129 2311 223 2393 ἐντὸς
245 2325 304 2402 τῆς
326 2311 392 2382 ὑπὸ
413 2322 519 2382 ΣΕΦ
542 2321 667 2402 γωνίας
688 2311 710 2401 ἢ
734 2318 793 2401 τῆς
815 2312 881 2384 ὑπὸ
903 2324 1009 2385 ῬΕΤ.
1050 2320 1136 2404 λέγω,

128 2419 180 2489 ὅτι
210 2419 250 2489 τὸ
281 2418 347 2489 ὑπὸ
376 2424 471 2497 ΖΞΛ
501 2423 582 2508 μετὰ
614 2427 677 2489 τοῦ
710 2419 793 2508 πρὸς
824 2417 842 2489 ὃ
874 2420 981 2507 λόγον
1013 2429 1079 2510 ἔχει
1104 2420 1135 2490 τὸ

128 2524 194 2595 ὑπὸ
220 2529 336 2614 ΜΞΡ,
365 2524 406 2595 ὃν
433 2527 471 2596 τὸ
501 2525 569 2601 άπὸ,
592 2534 659 2595 ΛΒ
687 2527 772 2614 πρὸς
800 2525 836 2595 τὸ
868 2524 934 2594 άπὸ
958 2535 1040 2614 ΛΓ,
1069 2539 1135 2598 ίσον

129 2634 198 2702 ἐστὶ
220 2638 266 2723 τῷ
291 2634 343 2713 θὶς
365 2632 430 2703 άπὸ
454 2643 530 2702 AE.

195 2737 358 2825 ίζχθωσαν
391 2738 454 2826 γάρ
487 2738 701 2826 άσύμπτωτοι
728 2743 796 2807 τῶν
824 2744 936 2825 τομῶν
966 2743 1015 2807 αλ
1029 2745 1136 2822 ΣΕΤ,

77 2872 110 2920 25
132 2853 245 2930 ΥΕΦ,
285 2847 340 2912 καὶ
382 2844 438 2913 διά
475 2851 536 2913 τοῦ
573 2855 605 2913 A
643 2847 854 2932 ἐφαπτομένη
891 2849 950 2932 τῆς
986 2848 1089 2932 τομῆς
1120 2840 1137 2928 ἡ

130 2957 237 3017 ΣΗΑ
246 2958 284 3019 Φ.
331 2953 401 3019 ἐπεὶ
429 2943 492 3019 οὖν
518 2953 556 3019 τὸ
585 2949 651 3020 ὑπὸ
675 2959 745 3019 ΣΑ
753 2959 785 3019 Φ
812 2961 888 3020 ίσον
917 2952 987 3019 ἐστὶ
1009 2954 1056 3043 τῷ
1079 2948 1136 3018 άπὸ

130 3063 213 3141 AE,
237 3062 327 3124 ἔστιν
351 3057 431 3144 άρα,
456 3055 500 3136 ὡς
522 3058 560 3125 τὸ
584 3056 650 3126 ὑπὸ
675 3066 783 3125 ΣΑΦ
805 3055 889 3144 πρὸς
910 3056 948 3125 τὸ
973 3056 1039 3126 άπὸ
1065 3065 1137 3139 ΕΑ,

11 3190 13 3195 ·
131 3159 237 3241 οὕτως
268 3163 305 3230 τὸ
339 3162 403 3231 άπὸ
434 3171 504 3230 ΛΕ
533 3162 618 3250 πρὸς
648 3163 687 3232 τὸ
721 3163 786 3232 άπὸ
816 3172 892 3232 EA.
943 3164 980 3231 τὸ
1013 3163 1052 3231 δὲ
1079 3149 1138 3230 ὑπὸ

154 3426 160 3446 ί
203 3364 226 3411 1.
245 3353 277 3446 ηδ
298 3353 367 3481 bne)
387 3357 438 3411 τοῦ
455 3357 493 3424 v;
514 3376 582 3414 corr.
597 3377 624 3428 p.
695 3365 719 3414 9.
740 3355 783 3430 ἐν]
804 3375 852 3424 ev,
872 3374 952 3413 ουτω.
967 3357 1001 3413 V.
1067 3349 1138 3412 11.3

130 3430 313 3569 χὲγχιὲἕχον
363 3449 370 3493 3
399 3444 469 3484 corr.
489 3447 516 3498 p.
608 3433 651 3483 26.
675 3430 809 3500 ΣΗΑΦ]
833 3433 951 3483 ΑΗΣΦ
970 3429 1008 3496 V;
1036 3444 1138 3496 comp
