2438 3892
122 125 187 189 130
515 125 681 180 ΚΩΝΙΚΩΝ
700 122 740 180 α’.

121 269 279 353 κατῆκται
306 263 327 356 ῆ
351 275 430 354 ΓΘ,
463 276 518 355 ίση
549 268 639 335 ἐστὶν
664 265 685 354 ῆ
710 274 776 335 ΑΒ
804 269 844 355 τῆ
868 273 944 335 ΒΘ·
983 271 1137 336 διπλασία

123 371 190 460 ἄρα
217 373 309 443 ἐστὶν
336 371 356 461 ῆ
386 381 452 442 ΑΘ
482 377 541 460 τῆς
568 380 653 443 ΘΒ..
685 377 722 442 τὸ
751 378 852 441 ΑΘΓ
880 371 947 459 ἄρα
973 379 1138 462 τρίγωνον

122 484 168 573 τῷ
187 485 256 548 ΒΓ
272 478 607 571 παραλληλογράμμῳ
633 479 724 548 ἐστὶν
748 487 833 548 ἴσον.
869 479 925 547 καὶ
948 481 1023 548 ἐπεί
1040 482 1139 565 ἐστιν,

123 585 168 668 ὥς
190 580 228 655 τὸ
251 584 316 655 ἀπὸ
335 593 398 655 ΓΘ
420 591 504 675 πρὸς
524 591 562 655 τὸ
585 584 651 654 ἀπὸ
670 594 749 673 ΔΖ,
772 584 792 674 ἡ
812 594 874 655 ΘΒ
897 589 981 675 πρὸς
999 594 1062 654 ΒΖ
1086 585 1139 654 διὰ

87 693 185 780 στῆν
207 693 325 782 τομήν,
349 691 422 761 ἀλλ’
445 691 490 773 ὡς
513 692 576 780 μὲν
598 697 636 761 τὸ
655 693 720 762 ἀπὸ
739 698 805 760 ΓΘ
826 696 908 780 πρὸς
926 697 964 760 τὸ
983 691 1050 761 ἀπὸ
1066 701 1140 767 ΔΖ,

123 805 161 869 τὸ
179 807 281 869 ΑΓΘ
302 804 469 886 τρίγωνον
492 804 575 886 πρὸς
597 804 634 868 τὸ
659 807 761 867 ΕΔΖ
784 804 963 886 τρίγωνον,
990 799 1037 879 ὡς
1061 796 1140 885 δὲῆ

124 914 186 976 ΘΒ
209 911 291 992 πρὸς
309 914 384 991 ΒΖ,
406 910 443 973 τὸ
463 913 530 973 ΗΘ
553 910 901 995 παραλληλόγραμμον
918 910 1002 992 πρὸς
1018 910 1058 975 τὸ
1076 913 1140 973 ΗΖ

122 1018 487 1101 παραλληλόγραμμον,
516 1017 606 1081 ἔστιν
629 1011 697 1102 ἄρα
720 1009 765 1093 ὡς
786 1017 825 1082 τὸ
848 1018 949 1080 ΑΓΘ
975 1019 1139 1100 τρίγωνον

124 1124 207 1209 πρὸς
228 1123 266 1187 τὸ
290 1127 391 1187 ΕΔΖ
423 1125 606 1206 τρίγωνον,
637 1123 675 1187 τὸ
698 1127 772 1188 ΘΗ
792 1118 1141 1208 παραλληλόγραμμον

70 1251 106 1301 10
126 1229 209 1312 πρὸς
231 1229 269 1292 τὸ
293 1231 366 1293 ΖΗ
383 1225 741 1314 παραλληλόγραμμον.
787 1224 927 1308 ἐναλλὰξ
951 1225 1017 1312 ἄρα
1042 1229 1140 1311 ἐστίν,

125 1329 171 1413 ὥς
188 1336 226 1400 τὸ
240 1338 345 1400 ΑΘΓ
364 1338 533 1421 τρίγωνον
549 1337 631 1421 πρὸς
644 1337 682 1401 τὸ
697 1338 766 1401 ΒΓ
782 1333 1140 1422 παραλληλόγραμμον,

123 1443 162 1508 τὸ
190 1447 291 1508 ΕΔΖ
318 1444 485 1529 τρίγωνον
513 1443 597 1528 πρὸς
623 1444 661 1507 τὸ
689 1447 756 1507 ΗΖ
782 1439 1139 1529 παραλληλόγραμμον.

125 1556 202 1616 ἴσον
222 1546 260 1616 δέ
278 1551 315 1617 τὸ
334 1553 436 1615 ΑΓΘ
457 1553 623 1634 τρίγωνον
642 1551 687 1639 τῷ
702 1554 770 1616 ΗΘ
792 1551 1141 1638 παραλληλογράμμῳ·

126 1662 202 1723 ίσον
226 1652 292 1740 ἄρα
316 1654 384 1721 ἐστὶ
407 1657 444 1721 τὸ
463 1661 565 1721 ΕΔΖ
588 1658 756 1741 τρίγοουου
778 1658 823 1746 τῷ
843 1661 911 1729 ΗΖ
933 1662 1142 1743 παραλληλο-

72 1784 106 1834 1⁵
125 1759 275 1850 τοίνυν·

142 1939 145 1946 ,
603 1849 696 1935 συῒ·

192 1968 271 2039 Ἐἀν
293 1969 482 2059 ὑπερβολῆς
504 1968 525 2059 ῆ
550 1975 725 2055 ἐλλείψεως
748 1970 913 2062 ῆκύιιλου
930 1981 1146 2062 περιφερείας

125 2075 245 2147 εὐθεῖα
263 2077 474 2159 ἐπιψαύουσα
494 2084 661 2168 συμπίπτῃ
681 2084 721 2169 τῆ
741 2083 917 2172 διαμέτρῳ,
936 2080 992 2147 καὶ
1006 2079 1071 2148 ἀπὸ
1085 2085 1143 2167 τῆς

126 2182 217 2272 ἁφῆς
239 2189 389 2274 καταχθῆ
414 2183 531 2254 εὐθεῖα
554 2187 762 2273 τεταγμένως
785 2188 838 2255 ἐπὶ
860 2189 923 2274 τῆν
951 2186 1144 2274 διάμετρον,

73 2318 108 2368 20
127 2292 184 2360 καὶ
215 2289 318 2380 ταύτῃ
351 2289 407 2359 διὰ
438 2295 496 2379 τῆς
523 2298 674 2381 κορυφῆς
700 2293 913 2380 παράλληλος
939 2290 1030 2383 ἆχθῆ
1061 2315 1144 2383 συμ-

126 2405 292 2469 πίπτουσα
320 2402 360 2488 τῆ
389 2398 445 2467 διὰ
472 2403 531 2485 τῆς
560 2398 649 2486 ἁφῆς
675 2399 732 2467 καὶ
759 2404 819 2468 τοῦ
846 2402 987 2488 κέντρου
1014 2400 1144 2490 ἠγμένη

127 2508 260 2599 εὐθείᾳ,
293 2507 484 2593 ληφθέντος
517 2507 557 2575 δέ
582 2531 674 2586 τινος
704 2512 844 2593 σημείου
875 2507 927 2574 ἐπὶ
955 2511 1013 2593 τῆς
1040 2513 1147 2595 τομῆς

126 2615 259 2702 ἀχθῶσι
288 2614 351 2683 δύο
380 2612 512 2682 εὐθεῖαι
539 2613 592 2683 ἐπὶ
629 2612 690 2700 τῆν
718 2612 912 2700 διάμετρον,
946 2605 994 2681 οἷν
1026 2611 1047 2700 ῆ
1081 2615 1147 2701 μὲν

128 2720 218 2805 παρὰ
240 2721 303 2808 τῆν
326 2723 571 2808 ἐφαπτομένην,
594 2722 615 2807 ἡ
639 2720 677 2789 δὲ
699 2719 789 2804 παρὰ
812 2717 873 2806 τῆν
892 2716 957 2787 ἀπὸ
975 2724 1034 2807 τῆς
1053 2718 1145 2809 ἁφῆς

75 2850 110 2899 25
129 2827 350 2913 κατηγμένην,
369 2832 406 2895 τὸ
425 2827 607 2915 γινόμενον
626 2824 684 2895 ὑπ’
702 2824 813 2895 αὐτῶν
831 2831 998 2912 τρίγωνον
1013 2828 1066 2895 ἐπὶ
1087 2834 1150 2915 τῆς·

127 2931 326 3020 ὑπερβολῆς,
351 2925 392 3001 οὗ
416 2932 593 3022 ἀποτέμνει
615 2933 782 3020 τριγώνου
804 2933 825 3020 ῆ
846 2934 904 3001 διὰ
920 2937 982 3001 τοῦ
1001 2935 1153 3020 κέντρον

127 3037 182 3106 καὶ
206 3041 264 3124 τῆς
287 3036 387 3126 ἁφῆς,
410 3045 553 3109 ἔλασσον
576 3046 668 3108 ἔσται
691 3044 736 3131 τῷ
760 3039 824 3107 ἀπὸ
847 3044 906 3127 τῆς
929 3043 965 3107 ἐκ
987 3045 1049 3108 τοῦ
1070 3044 1147 3109 κέν-

127 3170 210 3232 τρον
228 3148 273 3235 τῷ
293 3143 399 3236 ὁμοίῳ
417 3151 463 3237 τῷ
483 3143 752 3238 ἀποτεμνομένην,
776 3147 829 3214 ἐπὶ
844 3146 881 3214 δὲ
894 3151 953 3233 τῆς
965 3149 1147 3228 ἐλλείψεως

129 3252 184 3319 καὶ
211 3255 270 3338 τῆς
297 3256 359 3319 τοῦ
385 3250 510 3320 κύκλου
533 3260 744 3342 περιφερείας
771 3255 852 3342 μετὰ
875 3258 936 3322 τοῦ
960 3252 1145 3343 ἀποτεμνο-

201 3419 225 3466 2.
247 3397 388 3537 ΘΒέΙῖΒΒ
404 3410 442 3478 V;
463 3428 531 3467 corr.
550 3430 577 3484 p.
638 3420 662 3470 7.
681 3412 750 3484 πρὸς
768 3410 799 3469 τὸ
821 3419 875 3468 ΗΖ
894 3412 1146 3487 παραλληλόγραμ·

131 3484 197 3554 μου]
217 3500 271 3542 om.
320 3504 328 3551 ;
352 3499 421 3538 corr.
431 3501 468 3553 η).
561 3488 602 3538 10.
622 3483 704 3556 πρὸς]
724 3488 773 3555 τῆς
790 3483 861 3555 πρός
879 3486 917 3552 V;
942 3503 1010 3541 corr.
1030 3505 1057 3556 p.
