2438 3892
90 123 93 127 ’
118 159 183 223 256
292 233 296 242 Ι
516 160 684 213 namn
702 154 741 231 μ’.

118 304 224 390 μέσην
247 301 310 388 τήν
333 300 391 381 τὰς
414 298 504 386 ἀφάς
530 294 813 388 έπιζευγνύονσαυ
842 301 1023 392 διάμετρος
1044 308 1126 372 ἔσται

117 412 186 477 τῶν
215 405 454 494 ἀντικειμένων
481 405 502 493 ή
530 410 694 495 λεγομένη
723 407 842 494 ὀρθία,
871 415 997 496 πλαγία
1021 411 1057 479 δὲ
1078 432 1126 479 σν-

120 514 218 601 ζυγής
241 514 325 602 αὐτή
347 511 368 600 ή
394 512 451 580 ὃιά
474 518 534 582 τοῦ
557 514 698 601 κέντρου
721 511 868 602 ἀγομένη
887 515 978 603 παρά
998 516 1060 603 τήν
1077 517 1127 598 τὰς

119 619 208 708 ἁφὰς
231 619 522 706 έπιζευγυύουσαν.

84 755 101 802 ε
187 731 335 794 ε”στωσαν
360 723 585 813 ἀντικείμενον
608 726 707 812 τομαὶ
729 729 767 793 αλ
783 735 826 807 A,
845 733 884 812 Β,
909 727 1126 814 ἐφαπτόμεναι

120 833 158 902 δὲ
180 844 248 901 τῶν
271 836 384 919 τομῶν
407 835 445 897 αλ
465 837 539 917 PX,
559 839 639 916 XA,
661 832 718 898 καλ
742 831 928 920 ἐπεζεύχθω
952 831 974 920 ή
1000 840 1060 901 ΓΔ
1081 834 1126 902 καλ

120 938 296 1026 τετμήσθω
316 943 392 1024 δίχα
410 937 493 1004 κατὰ
511 935 548 1005 τὸ
564 946 604 1024 Ε,
624 938 679 1004 καὶ
695 937 881 1026 ἐπεζεύχθω
897 936 917 1027 ή
933 947 1007 1009 ΕΧ.
1041 941 1124 1027 λέγω,

122 1043 173 1113 ὅτι
196 1043 217 1132 ή
240 1053 310 1112 EX
329 1043 505 1131 ὃιάμετρύς
528 1047 618 1112 ἐστιν
641 1041 662 1130 ή
688 1047 851 1132 λεγομένη
875 1043 992 1134 ὀρθία,
1015 1053 1125 1134 πλαγία

123 1152 160 1220 δὲ
179 1149 322 1236 συζυγής
341 1148 424 1239 αύτή
444 1148 464 1236 ή
486 1148 542 1218 διὰ
560 1155 623 1219 τοῦ
636 1152 778 1238 κέντρον
791 1162 831 1240 τῇ
845 1158 908 1220 ΓΔ
926 1154 1125 1242 παράλληλος

72 1285 105 1334 10
124 1257 282 1346 ἀγομένη.

190 1371 272 1433 ἔστω
287 1365 363 1450 γάρ,
382 1368 413 1430 εἰ
427 1362 586 1449 δυνατόν,
606 1361 782 1450 διάμετρος
795 1361 901 1452 ήΕΖ,
915 1367 974 1434 καλ
988 1364 1125 1453 εἰλήφθω

123 1473 224 1560 τυχὸν
248 1485 387 1559 σημεῖον
411 1468 448 1538 τὸ
473 1478 513 1537 Ζ·
545 1484 758 1556 συμπεσεῖται
782 1470 848 1558 ἀρα
870 1468 892 1557 ή
914 1480 988 1539 AX
1006 1483 1046 1562 τῇ
1069 1479 1127 1540 ΕΖ.

124 1581 333 1665 συμπιπτέτω
360 1577 443 1646 κατὰ
471 1578 509 1646 τὸ
535 1584 577 1662 Ζ,
610 1577 666 1644 καὶ
690 1576 876 1663 ἐπεζεύχθω
900 1575 921 1664 ή
947 1586 1021 1647 ΓΖ·
1063 1600 1126 1664 συμ-

124 1693 221 1772 βαλεῖ
242 1684 308 1770 ἀρα
331 1683 351 1771 ή
372 1690 433 1751 ΓΖ
455 1688 495 1772 τή
514 1687 607 1772 τομή.
644 1687 838 1771 συμβαλέτω
861 1682 945 1752 κατά
967 1685 1007 1753 τὸ
1021 1695 1064 1772 A,
1084 1683 1128 1754 καλ

73 1816 105 1864 15
126 1792 181 1859 διὰ
206 1797 267 1859 τού
285 1801 317 1857 A
338 1795 379 1878 τή
398 1797 460 1857 ΓΔ
482 1791 695 1876 παράλληλος
717 1789 813 1878 ήχθω
837 1789 952 1879 ήΑΒ.
990 1793 1061 1862 ἐπεὶ
1078 1783 1128 1862 οὖν

125 1896 302 1983 ὃιάμετρός
324 1899 414 1964 ἐστιν
437 1893 458 1981 ή
483 1903 561 1979 ΕΖ,
587 1897 643 1963 καὶ
666 1896 729 1983 τήν
752 1903 814 1964 ΓΔ
838 1901 913 1986 δίχα
936 1901 1066 1987 τέμνει,
1085 1897 1129 1967 καλ

124 2000 182 2082 τὰς
204 2000 439 2089 παραλλήλους
466 1998 550 2088 αύτή
576 2007 653 2089 δίχα
675 2005 795 2090 τέμνει.
842 2013 897 2091 ἴση
921 2003 989 2090 ἀρα
1013 2001 1129 2091 έστλνή

124 2114 200 2176 ΑΗ
223 2112 263 2196 τή
285 2114 363 2175 ΗΒ.
408 2109 464 2174 καὶ
488 2108 558 2175 ἐπεὶ
582 2116 638 2194 ἴση
662 2110 753 2177 ἐστὶν
776 2108 797 2197 ή
822 2118 888 2178 ΓΕ
911 2116 953 2201 τή
977 2120 1063 2200 ΕΔ,
1085 2115 1132 2181 καί

126 2217 215 2283 ἐστιν
236 2218 272 2283 ἐν
291 2215 443 2302 τριγώνῳ
462 2218 508 2305 τῷ
524 2220 635 2301 ΓΖΔ,
655 2224 710 2301 λ’ση
726 2215 792 2304 ἀρα
809 2218 866 2284 καὶ
882 2215 903 2304 ή
918 2228 950 2285 A
957 2226 996 2285 H
1010 2225 1049 2309 τῇ
1063 2224 1129 2287 ΗΚ.

74 2341 107 2389 20
127 2320 210 2391 ὥστε
234 2321 289 2389 καὶ
312 2318 332 2408 ή
357 2328 431 2388 ΗΚ
457 2325 497 2409 τή
522 2329 589 2388 ΗΒ
618 2323 708 2390 ἐστιν
737 2331 806 2408 λ’ση·
849 2323 930 2412 ὅπερ
961 2323 1129 2395 ἀδύνατον.

127 2431 189 2500 ούκ
212 2429 278 2517 ἀρα
301 2426 321 2517 ή
347 2437 408 2496 ΕΖ
433 2432 608 2516 διάμετρος
631 2433 732 2496 ἔσται.

603 2605 672 2674 λύ’.

191 2732 270 2800 Ἐὰν
302 2736 370 2801 τιόν
403 2730 641 2817 ἀντικειμένων
675 2729 738 2798 δύο
773 2728 904 2799 εὐθεῖαι
932 2733 1131 2819 έφάπτωνται

129 2844 387 2926 συμπίπτουσαι,
411 2837 431 2926 ή
452 2839 507 2907 θιά
527 2842 586 2906 τοτ’
605 2839 748 2924 κέντρου
770 2838 903 2924 καὶτῆς
923 2841 1131 2926 συμπτεύσεως

75 2957 109 3006 25
127 2946 195 3008 τῶν
219 2946 459 3029 έφαπτομένων
483 2944 631 3030 ἀγομένη
656 2949 733 3030 δίχα
755 2946 868 3029 τέμνει
890 2942 954 3031 τήν
975 2947 1035 3027 τὰς
1057 2944 1131 3032 ἀφάς

130 3048 412 3132 ἐπιζευγνύουσαυ
437 3049 586 3117 εὐθεῖαν.

196 3159 345 3220 ἔστωσαν
364 3152 588 3241 ἀντικείμεναι
606 3157 705 3243 τομαὶ
725 3160 762 3222 αἱ
779 3165 820 3241 A,
835 3164 874 3241 Β,
898 3157 954 3224 καὶ
972 3171 1042 3228 τιόν
1060 3163 1132 3245 Α,Β

131 3258 193 3328 δύο
222 3257 354 3326 εύθεῖαι
381 3262 543 3346 ήχθωσαν
572 3262 800 3349 ἐφαπτόμεναι
828 3267 865 3328 αλ
886 3268 960 3349 ΓΕ,
980 3273 1064 3353 ΕΔ,
1090 3263 1134 3332 καί

134 3381 345 3389 —-.-.--—-·—-

205 3445 246 3493 14.
266 3437 329 3508 ΓΖ]
350 3455 400 3507 ep,
426 3453 493 3494 corr.
514 3457 547 3492 ex
568 3443 617 3492 ΓΔ
636 3441 674 3509 V,
694 3441 744 3495 sed
763 3441 890 3497 obscure.
985 3447 1026 3496 19.
1052 3435 1135 3508 ΓΖΔ]

133 3515 185 3566 ΖΔ
203 3512 241 3577 V;
261 3526 330 3565 corr.
348 3528 375 3580 p.
