2438 3892
123 157 189 222 390
522 157 689 210 mma
707 152 746 224 τ’·

123 305 203 368 ΛΗ.
245 295 290 377 ὡς
313 298 350 366 δέ
373 325 411 367 το
436 295 502 367 αἰπδ
523 305 593 366 ΕΚ
613 299 698 386 πρὸς
720 322 759 372 το
784 294 850 366 ιἰπο
875 305 954 383 KZ,
978 301 1128 368 δέδεικται

123 408 161 474 τὸ
189 403 255 474 ὑπὸ
281 411 392 473 ΝΛΚ
416 404 499 494 πρὸς
526 406 564 472 τὸ
593 401 658 472 ἀπὸ
683 410 765 472 ΛΗ·
808 413 885 472 ίσον
913 403 981 492 ἄρα
1008 409 1045 475 τὸ
1074 405 1129 474 ὑπὸ

125 519 236 580 ΝΛΚ
258 516 304 605 τῷ
328 510 394 581 ἀπὸ
415 518 500 581 ΜΛ.
535 513 654 580 κοινὸν
677 516 891 600 προσκείσθω
915 514 954 581 τὸ
979 509 1045 581 ἄπο
1064 520 1130 580 ΚΕ·

123 619 161 688 τὸ
186 618 252 708 ἄρα
275 615 341 687 ὑπὸ
356 624 395 685 Ν
396 624 467 686 ΛΚ
487 615 568 706 μετὰ
585 622 647 686 τοῦ
666 615 731 685 ἀπὸ
746 623 823 703 ΚΕ,
847 604 1001 688 τουτέστι
1019 619 1057 688 τὸ
1077 618 1130 687 ἀπὸ

89 752 105 800 5
126 733 156 793 Λ
162 733 202 811 Ε,
217 721 369 794 ’τουτέστι
388 721 426 791 τὸ
440 720 506 792 ἀπὸ
521 724 597 807 ΗΞ,
618 731 694 791 ίσον
709 723 778 790 ἐστὶ
797 737 867 802 τοῖς
882 719 950 791 ἀπὸ
965 731 1054 810 ΜΛ,
1068 732 1133 792 ΚΕ.

125 830 170 912 ὡς
194 832 231 900 δλ
254 831 292 899 τὸ
316 829 381 898 ἀπὸ
405 831 474 907 ΗΞ
494 829 578 917 πρὸς
600 826 640 896 τὰ
664 827 729 896 ἀπὸ
756 835 844 914 ΜΛ,
862 836 947 915 ΚΕ,
976 828 1084 911 οὕτως
1101 830 1132 898 τὸ

125 936 190 1006 ἀπὸ
210 941 277 1015 ΞΓ
293 936 377 1026 πρὸς
399 935 439 1004 τὰ
465 934 530 1005 ἀπὸ
551 943 632 1021 ΛΗ,
651 940 729 1003 ΚΖ·
754 943 832 1002 ίσον
855 935 922 1020 ἄρα
941 935 979 1004 τὸ
1000 935 1065 1007 ἀπὸ
1083 941 1138 1013 ΞΓ

124 1059 194 1123 τοῖς
217 1044 282 1112 ἀπὸ
306 1051 387 1130 ΗΛ,
407 1051 482 1111 ΚΖ.
520 1051 597 1111 ίσον
620 1041 657 1110 δέ
679 1040 717 1110 τὸ
741 1040 803 1129 μὲν
826 1039 892 1110 ἀπὸ
914 1049 990 1110 ΛΗ
1009 1048 1055 1135 τῷ
1078 1041 1134 1112 ἀπὸ

124 1154 197 1235 ΞΕ,
220 1149 258 1219 τὸ
278 1149 315 1217 δὲ
334 1147 400 1217 ἀπὸ
419 1156 485 1217 ΚΖ
508 1154 554 1241 τῷ
575 1146 640 1245 ἀπὸ
661 1152 719 1235 τῆς
737 1145 890 1237 ἡμισείας
908 1153 968 1236 τῆς
988 1152 1137 1237 δευτέρας

73 1282 106 1331 10
125 1259 321 1344 διαμέτρου,
349 1257 499 1324 τουτέστι
526 1260 571 1348 τῷ
600 1253 665 1324 ὑπο
689 1262 805 1324 ΓΕΔ·
840 1283 878 1325 το
904 1254 971 1342 ἄρα
995 1253 1061 1326 ἀπὸ
1085 1260 1139 1334 ΓΞ

124 1373 200 1430 ίσον
229 1362 297 1430 ἐστὶ
325 1365 369 1454 τῷ
394 1389 429 1430 τε
457 1360 522 1429 ἀπὸ
545 1364 610 1439 ΞΕ
635 1361 690 1430 καὶ
718 1366 763 1455 τῷ
792 1359 858 1430 ὑπὸ
881 1369 993 1430 ΓΕΔ.
1036 1360 1136 1452 ήᾶρα

124 1475 186 1537 ΓΛ
211 1471 287 1556 δίχα
310 1469 371 1556 μὲν
394 1470 550 1556 τέτμηται
572 1469 656 1536 κατὰ
680 1466 717 1536 τὸ
740 1471 779 1552 Ξ,
803 1474 850 1548 είς
873 1468 912 1536 δέ
935 1470 1039 1538 ἄνισα
1060 1471 1135 1539 κατὰ

124 1602 161 1643 το
184 1583 221 1643 Ε.
257 1576 313 1642 καὶ
335 1575 547 1664 παράλληλος
567 1572 587 1664 ἡ
606 1582 673 1643 ΔΘ
695 1579 735 1664 τῇ
754 1578 836 1652 ΗΞ·
864 1584 921 1661 ίση
945 1577 1014 1663 ἄρα
1037 1574 1057 1664 ἡ
1077 1583 1141 1645 ΓΗ

124 1686 165 1770 τῇ
189 1689 264 1750 ΗΘ.

73 1795 105 1844 15
606 1769 669 1855 λβ.

195 1892 275 1962 Ἐὰν
311 1891 500 1981 ὑπερβολῆς
536 1893 599 1962 δύο
637 1894 768 1962 εὐθεῖαι
800 1895 1031 1982 ἐφαπτόμεναι
1064 1917 1139 1984 συμ-

125 1997 1139 2090 wmmmfflhfflwhfflmfflmfflffi&

124 2110 182 2193 τῆς
206 2106 427 2192 συμπτωσεως
450 2109 519 2174 τῶν
544 2108 784 2195 ἐφαπτομένου
807 2104 896 2196 ἄχθη
916 2106 1036 2177 εὐθεῖα
1055 2109 1139 2198 παρὰ

124 2209 1136 2302 tmfflfflwffmMmmwssfflQfflwwmffl

72 2347 106 2396 νο
125 2325 182 2407 τῆς
205 2319 263 2400 τὰς
286 2317 376 2408 ἁφὰς
401 2320 679 2406 ἐπιζευγνυούσης
703 2319 791 2408 ἀχθῇ
816 2321 933 2389 εὐθεῖα
957 2322 1050 2409 παρά
1070 2349 1138 2390 τινα

124 2434 193 2496 τῶν
221 2426 465 2515 τἰσυμπτοίτων,
499 2424 520 2513 ή
548 2426 670 2514 μεταξὺ
698 2432 757 2513 τῆς
786 2432 979 2513 διχοτομίας
1007 2431 1064 2496 καὶ
1088 2434 1138 2514 τῆς

124 2535 340 2622 παραλλήλου
359 2532 661 2620 ἀπολαμβανομέυη
682 2538 759 2620 δίχα
777 2533 985 2619 τμηθήσεται
1005 2533 1072 2603 ὑπὸ
1088 2540 1138 2619 τής

124 2645 234 2727 τομήφ

193 2753 275 2814 ἔστω
299 2745 468 2835 ὑπερβολή
490 2744 510 2832 ή
535 2752 645 2831 ΑΒΓ,
676 2737 714 2831 ἧς
737 2748 876 2834 κέντρον
900 2746 937 2814 τὸ
964 2757 1012 2832 Δ,
1039 2747 1137 2835 ἀσύμ-

71 2874 105 2922 25
124 2874 251 2928 πτωτος
276 2852 312 2918 δὲ
337 2851 357 2938 ή
378 2860 455 2937 ΛΕ,
479 2853 535 2919 καλ
556 2854 822 2939 ἐφαπτέσθωσαν
841 2856 878 2918 αι’
894 2860 926 2919 Α
933 2859 971 2937 Ζ,
993 2861 1065 2940 ΖΓ,
1089 2854 1137 2921 καὶ

125 2954 310 3041 ἐπεζεύχθω
340 2957 360 3043 ή
386 2965 446 3025 ΓΑ
474 2960 529 3026 καὶ
557 2957 577 3045 ή
604 2966 670 3025 ΖΔ
697 2960 753 3025 καὶ
782 2959 996 3046 ἐκβεβλήσθω
1026 2962 1080 3027 ἐπὶ
1103 2961 1135 3026 τὰ

123 3067 168 3145 Η,
184 3068 224 3126 Θ·
249 3062 400 3148 φανερὸν
422 3064 474 3148 δή,
500 3062 550 3132 ὅτι
571 3074 624 3151 ίση
646 3066 736 3132 ἐστίν
756 3062 776 3150 ή
796 3073 858 3131 ΑΘ
880 3069 919 3152 τῇ
937 3072 1007 3134 ΘΓ.
1047 3067 1135 3153 ἤχθω

197 3369 221 3419 6,
241 3361 313 3431 ΗΞ]
333 3380 360 3430 p,
380 3377 449 3416 corr.
470 3380 503 3417 ex
523 3368 583 3418 ΗΓ
599 3385 635 3422 m.
657 3373 670 3418 1
692 3367 729 3433 λῖς
756 3367 847 3420 ΗΓΞ
864 3385 910 3421 οι.
983 3365 1031 3437 τά]
1052 3365 1083 3422 τό
1102 3367 1137 3429 v;

123 3452 193 3490 corr.
212 3453 239 3503 p.
327 3439 350 3486 7.
371 3429 418 3502 τά]
439 3431 470 3486 τό
490 3434 527 3502 V;
549 3453 617 3492 corr.
637 3456 663 3506 p.
751 3443 793 3492 26.
815 3439 879 3509 ΖΔ]
901 3440 957 3492 ΞΔ
976 3458 1016 3494 το
1037 3442 1066 3494 et
1085 3438 1137 3503 Κλ,

123 3523 192 3562 corr.
212 3526 238 3576 p.
