2438 3892
122 139 164 202 28
517 135 684 190 Καυιιτωω
702 131 742 188 α’.

120 281 275 372 τρνγώνῳ
291 279 381 368 ὀρθή
396 281 496 348 ἐστιν.
529 276 613 346 ὥστε
631 277 687 344 καὶ
705 273 789 362 πρὸς
806 272 870 362 τὴν
888 279 963 343 ΖΗ
981 279 1057 345 ἐστι
1070 275 1147 365 πρὸς

123 387 238 477 ὀρθάς.

189 493 233 581 μὴ
263 499 345 562 ἔστω
375 491 416 578 δὴ
446 489 464 560 ὁ
492 494 602 570 κώνος
630 488 746 576 ὀρθός.
791 492 821 556 ελ
847 488 910 575 μὲν
935 484 1007 559 οὖν
1032 488 1074 559 τὸ
1099 490 1148 561 διὰ

121 604 183 668 τοῦ
202 598 322 680 ἄξονος
337 604 505 687 τρίγωνον
525 594 634 685 ὀρθόν
654 598 722 664 ἐστι
741 593 825 683 πρὸς
842 592 904 662 τὸν
919 602 992 663 ΒΓ
1011 597 1149 684 κύκλον,

88 722 104 771 5
125 704 249 793 ὁμοίως
264 709 427 790 δειξομεν,
448 701 499 771 ὅτι
512 704 567 770 καὶ
582 699 603 789 ἡ
617 708 688 768 ΑΒ
699 705 739 789 τῇ
755 706 828 768 ΖΗ
842 702 912 769 ἐστι
926 700 1018 788 πρὸς
1033 701 1150 791 ὀρθάς.

123 811 167 899 μὴ
203 817 285 879 ἔστω
319 810 361 897 δὴ
388 809 426 879 τὸ
456 808 512 877 διὰ
540 819 602 876 τοῦ
630 806 751 889 ἄξονος
779 811 948 896 τρίγωνον
979 808 1020 876 τὸ
1052 815 1154 879 ΑΒΓ

124 917 233 1006 ὀρθὸν
256 916 340 1004 πρὸς
361 916 422 984 τὸν
446 921 512 983 ΒΓ
531 914 664 997 κύκλον.
710 915 813 1000 λέγω,
845 911 896 982 ὅτι
921 914 1012 982 ούδὲ
1036 913 1060 1002 ἡ
1087 925 1153 986 ΔΒ

123 1028 162 1113 τῇ
184 1031 254 1090 ΖΗ
274 1027 343 1092 ἐστι
366 1021 451 1111 πρὸς
474 1020 590 1108 ὀρθάς.
627 1025 658 1088 εἰ
675 1021 741 1110 γὰρ
761 1019 920 1106 δυνατόν,
944 1025 1052 1090 ἔστω·
1085 1028 1151 1092 ἐστι

125 1130 162 1197 δέ
185 1130 241 1196 καὶ
264 1133 304 1217 τῇ
327 1135 393 1196 ΒΓ
417 1127 500 1217 πρὸς
524 1126 646 1215 ὀρθούς·
683 1125 704 1214 ἡ
728 1126 794 1214 ἄρα
818 1134 888 1194 ΔΕ
913 1128 1062 1218 ἑκατέρῳ
1086 1134 1151 1199 τῶν

72 1254 105 1303 10
124 1241 197 1321 ΒΓ,
216 1243 288 1302 ΖΗ
307 1238 376 1304 ἐστι
400 1236 485 1323 πρὸς
508 1233 624 1324 ὀρθᾶς.
660 1235 785 1326 καὶτῷ
810 1231 866 1302 διὰ
888 1244 959 1302 τῶν
985 1241 1066 1321 ΒΓ,
1088 1242 1155 1304 ΖΗ

125 1344 268 1434 ἐπιπέδῳ
282 1341 348 1430 ἄρα
362 1342 447 1431 πρὸς
461 1340 568 1431 ὀρθὰς
583 1346 685 1409 ἔσται.
718 1340 755 1408 τὸ
773 1339 810 1408 δὲ
829 1340 886 1408 διὰ
903 1344 975 1408 τών
991 1348 1070 1428 ΒΓ,
1086 1349 1150 1411 ΗΖ

124 1448 283 1517 ἐπίπεδόν
308 1452 376 1518 ἐστι
399 1452 437 1519 τὸ
459 1455 575 1517 ΑΒΓ·
606 1454 662 1515 καὶ
681 1445 787 1534 ἡΔΕ
809 1445 874 1533 ἄρα
892 1450 938 1536 τῷ
953 1454 1069 1515 ΑΒΓ
1087 1475 1150 1537 τρι·

123 1555 222 1648 γώνῳ
247 1557 316 1624 ἐστὶ
338 1555 422 1643 πρὸς
446 1554 563 1642 ὀρθᾶς.
606 1557 662 1621 καὶ
685 1552 794 1620 πᾶντα
818 1551 884 1639 ἄρα
906 1553 947 1619 τδι
972 1550 1023 1621 δι’
1046 1553 1151 1641 αὐτῆς

125 1663 263 1730 ἐπίπεδα
286 1667 332 1752 τώ
352 1668 456 1730 ΑΒΓ
474 1660 627 1750 τριγώνῳ
649 1661 718 1727 ἐστὶ
741 1658 825 1745 πρὸς
844 1656 960 1743 ὀρθάς.
1001 1663 1042 1727 ἓν
1063 1663 1107 1730 δέ
1122 1686 1152 1727 τι

73 1785 105 1834 15
124 1771 192 1834 τῶν
216 1766 273 1833 διὰ
297 1771 356 1853 τῆς
375 1774 445 1834 ΛΕ
466 1768 633 1835 ἐπιπέδων
652 1766 743 1834 ἐστὶν
762 1763 780 1834 ὁ
800 1771 866 1833 ΒΓ
884 1765 1024 1844 κύκλος·
1049 1764 1070 1836 ὁ
1091 1772 1156 1836 ΒΓ

123 1871 190 1959 ἄρα
212 1872 334 1952 κύκλος
355 1872 438 1960 πρὸς
459 1870 566 1960 ὀρθάς
585 1874 718 1961 ἐστιτῷ
738 1876 840 1939 ΑΒΓ
859 1869 1029 1963 τριγώνῳ.
1066 1872 1151 1943 ὥστε

124 1979 179 2046 καὶ
212 1977 249 2046 τὸ
279 1984 383 2046 ΑΒΓ
409 1984 578 2067 τρίγωνον
611 1975 720 2066 ὀρθὸν
754 1983 845 2045 ἔσται
877 1975 962 2062 πρὸς
993 1978 1061 2047 τὸν
1090 1986 1155 2049 ΒΓ

125 2085 262 2153 κύκλον·
293 2081 373 2173 ὅπερ
397 2083 460 2172 ούχ
481 2082 665 2153 ύπύκειται.
706 2082 768 2152 ούκ
792 2082 856 2170 ἄρα
880 2081 900 2169 ἡ
925 2090 998 2150 ΔΕ
1020 2090 1062 2174 τῇ
1085 2092 1155 2154 ΖΗ

127 2193 195 2259 ἐστι
218 2189 302 2279 πρὸς
325 2190 442 2278 ὀρθάς.

73 2295 108 2344 ιο
546 2280 728 2368 πόρισμα.

194 2407 230 2473 ἐκ
254 2404 296 2492 δὴ
320 2404 442 2474 τούτου
465 2405 631 2493 φανερόν,
660 2403 711 2472 ὅτι
733 2408 793 2490 τῆς
817 2409 919 2470 ΔΖΒ
946 2407 1055 2490 τομῆς
1078 2404 1149 2474 διᾶ-

127 2511 246 2600 μετρός
264 2514 355 2581 ἐστιν
374 2510 395 2599 ἡ
411 2519 489 2598 ΖΗ,
509 2513 641 2596 ἐπείπερ
658 2509 716 2590 τὰς
730 2509 895 2597 ἀγομένας
909 2509 1150 2597 παραλλήλους

127 2617 246 2708 εὐθείᾳ
264 2621 331 2686 τινὶ
350 2624 390 2708 τῇ
411 2628 481 2687 ΛΕ
498 2623 574 2706 δίχα
592 2619 716 2706 τέμνει,
738 2617 795 2685 καὶ
814 2614 865 2684 ὅτι
885 2614 1037 2683 δυνατόν
1057 2619 1148 2686 ἐστιν

127 2721 276 2810 ὑπὸτῆς
303 2727 484 2814 διαμέτρου
507 2729 567 2811 τῆς
590 2732 661 2792 ΖΗ
684 2720 918 2810 παραλλήλους
945 2719 1042 2802 τινὰς
1071 2726 1148 2811 δίχα

75 2843 108 2894 25
127 2831 309 2915 τέμνεσθαι
332 2831 388 2898 καὶ
411 2830 455 2917 μὴ
478 2830 563 2918 πρὸς
586 2829 701 2918 ὀρθᾶς.

613 3034 634 3093 η
651 3061 657 3074 .

194 3129 273 3199 Ἐὰν
296 3136 404 3212 κῶνος
425 3134 569 3221 ἐπιπέδῳ
589 3134 700 3219 τμηθῇ
721 3128 777 3196 διὰ
795 3131 856 3196 τού
875 3124 1008 3212 ἄξονος,
1032 3136 1147 3221 τμηθῇ

130 3236 245 3305 δὲκαὶ
269 3238 369 3328 ἑτέρῳ
394 3240 536 3330 ἐπιπέδῳ
560 3240 715 3324 τέμνοντι
738 3233 800 3321 τὴν
823 3233 924 3321 βᾶσιν
947 3237 1008 3301 τοῦ
1032 3238 1150 3306 κώνου

202 3423 226 3470 1.
246 3410 314 3470 ύστε
349 3410 402 3470 ἄν·
420 3416 454 3471 V.
509 3421 534 3470 3.
553 3413 597 3485 τό]
619 3414 659 3469 bis
674 3413 700 3468 V
718 3415 749 3469 in
767 3413 836 3467 extr.
851 3411 880 3465 et
898 3407 960 3463 init.
975 3425 1057 3480 μαγις
1078 3430 1149 3469 corr.

129 3504 199 3557 cvp.
252 3491 292 3541 16.
303 3487 387 3558 ωστε]
399 3481 452 3541 ἄν
461 3486 495 3555 V,
511 3479 579 3540 ὥστε
590 3503 645 3555 mg.
654 3502 690 3540 m.
701 3502 755 3540 reo.
807 3488 849 3537 20.
860 3476 996 3550 πόρισμα]
1008 3499 1036 3550 p,
1047 3499 1105 3540 om.
1115 3485 1149 3540 V.
