<?xml version="1.0" encoding="UTF-8"?>
<!DOCTYPE html PUBLIC "-//W3C//DTD XHTML 1.0 Transitional//EN"
    "http://www.w3.org/TR/xhtml1/DTD/xhtml1-transitional.dtd">
<html xmlns="http://www.w3.org/1999/xhtml" xml:lang="en" lang="en">
 <head>
  <title>
</title>
<meta http-equiv="Content-Type" content="text/html;charset=utf-8" />
  <meta name='ocr-system' content='tesseract 3.04.00' />
  <meta name='ocr-capabilities' content='ocr_page ocr_carea ocr_par ocr_line ocrx_word'/>
</head>
<body>
  <div class='ocr_page' id='page_1' title='image "./apolloniipergae00apolgoog_0170.png"; bbox 0 0 2438 3892; ppageno 0'>
   <div class='ocr_carea' id='block_1_1' title="bbox 151 142 770 208">
    <p class='ocr_par' dir='ltr' id='par_1_1' title="bbox 151 142 770 208">
     <span class='ocr_line' id='line_1_1' title="bbox 151 142 770 208; baseline 0.013 -15"><span class='ocrx_word' id='word_1_1' title='bbox 151 142 215 208; x_wconf 87' lang='lat'><strong><em>138</em></strong></span> <span class='ocrx_word' id='word_1_2' title='bbox 508 194 511 200; x_wconf 86' lang='grc'><strong>,</strong></span> <span class='ocrx_word' id='word_1_3' title='bbox 544 143 711 197; x_wconf 68' lang='lat' dir='ltr'><strong><em>mmm</em></strong></span> <span class='ocrx_word' id='word_1_4' title='bbox 729 161 770 203; x_wconf 89' lang='grc' dir='ltr'><strong><em>α.</em></strong></span> 
     </span>
    </p>
   </div>
   <div class='ocr_carea' id='block_1_2' title="bbox 52 281 1168 2513">
    <p class='ocr_par' dir='ltr' id='par_1_2' title="bbox 52 281 1168 2513">
     <span class='ocr_line' id='line_1_2' title="bbox 151 281 1163 373; baseline 0.001 -20"><span class='ocrx_word' id='word_1_5' title='bbox 151 297 288 373; x_wconf 80' lang='grc' dir='ltr'><strong><em>σημεῖον</em></strong></span> <span class='ocrx_word' id='word_1_6' title='bbox 315 290 353 355; x_wconf 89' lang='grc' dir='ltr'><strong><em>τὸ</em></strong></span> <span class='ocrx_word' id='word_1_7' title='bbox 376 292 421 371; x_wconf 89' lang='grc' dir='ltr'><strong><em>Β,</em></strong></span> <span class='ocrx_word' id='word_1_8' title='bbox 452 286 508 353; x_wconf 79' lang='grc' dir='ltr'><strong><em>καὶ</em></strong></span> <span class='ocrx_word' id='word_1_9' title='bbox 535 281 599 353; x_wconf 84' lang='grc' dir='ltr'><strong><em>νἰπὸ</em></strong></span> <span class='ocrx_word' id='word_1_10' title='bbox 621 288 683 354; x_wconf 85' lang='grc' dir='ltr'><strong><em>τοῦ</em></strong></span> <span class='ocrx_word' id='word_1_11' title='bbox 704 292 734 352; x_wconf 90' lang='grc' dir='ltr'><strong><em>Β</em></strong></span> <span class='ocrx_word' id='word_1_12' title='bbox 757 284 920 373; x_wconf 75' lang='grc' dir='ltr'><strong><em>ἤχθωσαν</em></strong></span> <span class='ocrx_word' id='word_1_13' title='bbox 944 287 981 352; x_wconf 86' lang='grc' dir='ltr'><strong><em>αί</em></strong></span> <span class='ocrx_word' id='word_1_14' title='bbox 1002 292 1083 373; x_wconf 87' lang='grc' dir='ltr'><strong><em>ΒΕ,</em></strong></span> <span class='ocrx_word' id='word_1_15' title='bbox 1107 293 1163 354; x_wconf 89' lang='grc' dir='ltr'><strong><em>ΒΖ</em></strong></span> 
     </span>
     <span class='ocr_line' id='line_1_3' title="bbox 150 389 1164 482; baseline 0.001 -21"><span class='ocrx_word' id='word_1_16' title='bbox 150 391 239 481; x_wconf 79' lang='grc' dir='ltr'><strong><em>παρὰ</em></strong></span> <span class='ocrx_word' id='word_1_17' title='bbox 262 392 322 473; x_wconf 76' lang='grc' dir='ltr'><strong><em>τὰς</em></strong></span> <span class='ocrx_word' id='word_1_18' title='bbox 342 399 418 480; x_wconf 84' lang='grc' dir='ltr'><strong><em>ΑΓ,</em></strong></span> <span class='ocrx_word' id='word_1_19' title='bbox 437 398 507 461; x_wconf 88' lang='grc' dir='ltr'><strong><em>ΓΔ.</em></strong></span> <span class='ocrx_word' id='word_1_20' title='bbox 543 392 640 479; x_wconf 83' lang='grc' dir='ltr'><strong><em>λέγω,</em></strong></span> <span class='ocrx_word' id='word_1_21' title='bbox 665 389 716 460; x_wconf 84' lang='grc' dir='ltr'><strong><em>ὅτι</em></strong></span> <span class='ocrx_word' id='word_1_22' title='bbox 739 392 793 460; x_wconf 83' lang='grc' dir='ltr'><strong><em>έπὶ</em></strong></span> <span class='ocrx_word' id='word_1_23' title='bbox 815 391 878 479; x_wconf 70' lang='grc' dir='ltr'><strong><em>μὲν</em></strong></span> <span class='ocrx_word' id='word_1_24' title='bbox 899 397 959 480; x_wconf 78' lang='grc' dir='ltr'><strong><em>τῆς</em></strong></span> <span class='ocrx_word' id='word_1_25' title='bbox 976 389 1164 482; x_wconf 77' lang='grc' dir='ltr'><strong><em>ὑπερβολῆς</em></strong></span> 
     </span>
     <span class='ocr_line' id='line_1_4' title="bbox 150 498 1162 592; baseline 0.003 -26"><span class='ocrx_word' id='word_1_26' title='bbox 150 504 188 568; x_wconf 91' lang='grc' dir='ltr'><strong><em>τὸ</em></strong></span> <span class='ocrx_word' id='word_1_27' title='bbox 210 507 308 567; x_wconf 88' lang='grc' dir='ltr'><strong><em>ΒΕΖ</em></strong></span> <span class='ocrx_word' id='word_1_28' title='bbox 335 506 502 589; x_wconf 90' lang='grc' dir='ltr'><strong><em>τρίγωνον</em></strong></span> <span class='ocrx_word' id='word_1_29' title='bbox 529 503 591 568; x_wconf 80' lang='grc' dir='ltr'><strong><em>τοῦ</em></strong></span> <span class='ocrx_word' id='word_1_30' title='bbox 613 506 715 567; x_wconf 80' lang='grc' dir='ltr'><strong><em>ΗΘΖ</em></strong></span> <span class='ocrx_word' id='word_1_31' title='bbox 743 498 856 586; x_wconf 77' lang='grc' dir='ltr'><strong><em>μεῖζόν</em></strong></span> <span class='ocrx_word' id='word_1_32' title='bbox 884 501 953 568; x_wconf 88' lang='grc' dir='ltr'><strong><em>έστι</em></strong></span> <span class='ocrx_word' id='word_1_33' title='bbox 981 503 1027 592; x_wconf 78' lang='grc' dir='ltr'><strong><em>τῷ</em></strong></span> <span class='ocrx_word' id='word_1_34' title='bbox 1053 506 1162 586; x_wconf 81' lang='grc' dir='ltr'><strong><em>ΑΓΘ,</em></strong></span> 
     </span>
     <span class='ocr_line' id='line_1_5' title="bbox 151 604 1163 693; baseline 0.001 -19"><span class='ocrx_word' id='word_1_35' title='bbox 151 607 205 675; x_wconf 82' lang='grc' dir='ltr'><strong><em>ἐπὶ</em></strong></span> <span class='ocrx_word' id='word_1_36' title='bbox 228 607 265 674; x_wconf 76' lang='grc' dir='ltr'><strong><em>δὲ</em></strong></span> <span class='ocrx_word' id='word_1_37' title='bbox 286 611 346 693; x_wconf 79' lang='grc' dir='ltr'><strong><em>τῆς</em></strong></span> <span class='ocrx_word' id='word_1_38' title='bbox 369 609 543 689; x_wconf 80' lang='grc' dir='ltr'><strong><em>ἐλλείψεως</em></strong></span> <span class='ocrx_word' id='word_1_39' title='bbox 565 607 620 674; x_wconf 82' lang='grc' dir='ltr'><strong><em>καὶ</em></strong></span> <span class='ocrx_word' id='word_1_40' title='bbox 642 610 703 675; x_wconf 81' lang='grc' dir='ltr'><strong><em>τοῦ</em></strong></span> <span class='ocrx_word' id='word_1_41' title='bbox 726 605 853 675; x_wconf 80' lang='grc' dir='ltr'><strong><em>κύκλου</em></strong></span> <span class='ocrx_word' id='word_1_42' title='bbox 875 604 955 693; x_wconf 81' lang='grc' dir='ltr'><strong><em>μετὰ</em></strong></span> <span class='ocrx_word' id='word_1_43' title='bbox 974 612 1037 676; x_wconf 82' lang='grc' dir='ltr'><strong><em>τοῦ</em></strong></span> <span class='ocrx_word' id='word_1_44' title='bbox 1063 614 1163 675; x_wconf 81' lang='grc' dir='ltr'><strong><em>ΖΗΘ</em></strong></span> 
     </span>
     <span class='ocr_line' id='line_1_6' title="bbox 115 714 515 806; baseline 0.01 -28"><span class='ocrx_word' id='word_1_45' title='bbox 115 723 228 782; x_wconf 82' lang='grc' dir='ltr'><strong><em>σίσον</em></strong></span> <span class='ocrx_word' id='word_1_46' title='bbox 251 714 320 782; x_wconf 84' lang='grc' dir='ltr'><strong><em>ἐστὶ</em></strong></span> <span class='ocrx_word' id='word_1_47' title='bbox 342 718 389 806; x_wconf 78' lang='grc' dir='ltr'><strong><em>τῷ</em></strong></span> <span class='ocrx_word' id='word_1_48' title='bbox 412 720 515 782; x_wconf 84' lang='grc' dir='ltr'><em>ΓΑΘ.</em></span> 
     </span>
     <span class='ocr_line' id='line_1_7' title="bbox 217 812 1162 908; baseline 0 -20"><span class='ocrx_word' id='word_1_49' title='bbox 217 819 380 908; x_wconf 76' lang='grc' dir='ltr'><strong><em>ἤχθωσαν</em></strong></span> <span class='ocrx_word' id='word_1_50' title='bbox 398 819 463 907; x_wconf 80' lang='grc' dir='ltr'><strong><em>γὰρ</em></strong></span> <span class='ocrx_word' id='word_1_51' title='bbox 482 823 520 887; x_wconf 86' lang='grc' dir='ltr'><strong><em>αί</em></strong></span> <span class='ocrx_word' id='word_1_52' title='bbox 536 825 611 904; x_wconf 82' lang='grc' dir='ltr'><strong><em>ΓΚ,</em></strong></span> <span class='ocrx_word' id='word_1_53' title='bbox 626 825 699 887; x_wconf 89' lang='grc' dir='ltr'><strong><em>ΒΝ</em></strong></span> <span class='ocrx_word' id='word_1_54' title='bbox 713 817 803 907; x_wconf 84' lang='grc' dir='ltr'><strong><em>παρὰ</em></strong></span> <span class='ocrx_word' id='word_1_55' title='bbox 821 820 882 907; x_wconf 82' lang='grc' dir='ltr'><strong><em>τὴν</em></strong></span> <span class='ocrx_word' id='word_1_56' title='bbox 898 827 973 888; x_wconf 82' lang='grc' dir='ltr'><strong><em>ΔΘ.</em></strong></span> <span class='ocrx_word' id='word_1_57' title='bbox 1011 820 1084 888; x_wconf 86' lang='grc' dir='ltr'><strong><em>έπεὶ</em></strong></span> <span class='ocrx_word' id='word_1_58' title='bbox 1103 812 1162 889; x_wconf 85' lang='grc' dir='ltr'><strong><em>οὖν</em></strong></span> 
     </span>
     <span class='ocr_line' id='line_1_8' title="bbox 152 923 1163 1015; baseline 0 -20"><span class='ocrx_word' id='word_1_59' title='bbox 152 927 331 1014; x_wconf 75' lang='grc' dir='ltr'><strong><em>ἐφάπτεται</em></strong></span> <span class='ocrx_word' id='word_1_60' title='bbox 349 924 369 1010; x_wconf 78' lang='grc' dir='ltr'><em>ἡ</em></span> <span class='ocrx_word' id='word_1_61' title='bbox 385 932 467 1013; x_wconf 84' lang='grc' dir='ltr'><strong><em>ΓΜ,</em></strong></span> <span class='ocrx_word' id='word_1_62' title='bbox 491 929 650 1013; x_wconf 82' lang='grc' dir='ltr'><strong><em>κατῆκται</em></strong></span> <span class='ocrx_word' id='word_1_63' title='bbox 675 924 713 993; x_wconf 73' lang='grc' dir='ltr'><strong><em>δὲ</em></strong></span> <span class='ocrx_word' id='word_1_64' title='bbox 735 925 848 1012; x_wconf 60' lang='lat' dir='ltr'><strong><em>MK,</em></strong></span> <span class='ocrx_word' id='word_1_65' title='bbox 872 923 893 1013; x_wconf 77' lang='grc' dir='ltr'><em>ἡ</em></span> <span class='ocrx_word' id='word_1_66' title='bbox 912 932 980 994; x_wconf 87' lang='grc' dir='ltr'><strong><em>ΓΚ</em></strong></span> <span class='ocrx_word' id='word_1_67' title='bbox 1000 930 1086 1015; x_wconf 82' lang='grc' dir='ltr'><strong><em>πρὸς</em></strong></span> <span class='ocrx_word' id='word_1_68' title='bbox 1099 933 1163 995; x_wconf 76' lang='grc' dir='ltr'><strong><em>ΚΘ</em></strong></span> 
     </span>
     <span class='ocr_line' id='line_1_9' title="bbox 150 1031 1164 1120; baseline -0.001 -19"><span class='ocrx_word' id='word_1_69' title='bbox 150 1037 210 1102; x_wconf 88' lang='grc' dir='ltr'><strong><em>τὸν</em></strong></span> <span class='ocrx_word' id='word_1_70' title='bbox 241 1038 459 1120; x_wconf 80' lang='grc' dir='ltr'><strong><em>συγκείμενον</em></strong></span> <span class='ocrx_word' id='word_1_71' title='bbox 491 1034 595 1118; x_wconf 88' lang='grc' dir='ltr'><strong><em>λόγον</em></strong></span> <span class='ocrx_word' id='word_1_72' title='bbox 627 1037 694 1120; x_wconf 86' lang='grc' dir='ltr'><strong><em>έχει</em></strong></span> <span class='ocrx_word' id='word_1_73' title='bbox 726 1034 763 1101; x_wconf 85' lang='grc' dir='ltr'><strong><em>εἰι</em></strong></span> <span class='ocrx_word' id='word_1_74' title='bbox 790 1035 851 1100; x_wconf 83' lang='grc' dir='ltr'><strong><em>τοῦ</em></strong></span> <span class='ocrx_word' id='word_1_75' title='bbox 879 1034 920 1100; x_wconf 88' lang='grc' dir='ltr'><strong><em>ὃν</em></strong></span> <span class='ocrx_word' id='word_1_76' title='bbox 948 1036 1014 1120; x_wconf 86' lang='grc' dir='ltr'><strong><em>ἒχει</em></strong></span> <span class='ocrx_word' id='word_1_77' title='bbox 1042 1031 1065 1120; x_wconf 77' lang='grc' dir='ltr'><em>ἡ</em></span> <span class='ocrx_word' id='word_1_78' title='bbox 1089 1038 1164 1101; x_wconf 85' lang='lat' dir='ltr'><strong><em>MK</em></strong></span> 
     </span>
     <span class='ocr_line' id='line_1_10' title="bbox 150 1135 1163 1227; baseline -0.001 -20"><span class='ocrx_word' id='word_1_79' title='bbox 150 1143 234 1227; x_wconf 85' lang='grc' dir='ltr'><strong><em>πρὸς</em></strong></span> <span class='ocrx_word' id='word_1_80' title='bbox 247 1145 323 1226; x_wconf 84' lang='grc' dir='ltr'><strong><em>ΚΓ,</em></strong></span> <span class='ocrx_word' id='word_1_81' title='bbox 346 1139 402 1207; x_wconf 83' lang='grc' dir='ltr'><strong><em>καλ</em></strong></span> <span class='ocrx_word' id='word_1_82' title='bbox 424 1143 485 1208; x_wconf 85' lang='grc' dir='ltr'><strong><em>τοῦ</em></strong></span> <span class='ocrx_word' id='word_1_83' title='bbox 509 1135 549 1207; x_wconf 85' lang='grc' dir='ltr'><strong><em>ὃν</em></strong></span> <span class='ocrx_word' id='word_1_84' title='bbox 573 1144 719 1227; x_wconf 80' lang='grc' dir='ltr'><strong><em>ἔχειτοῦ</em></strong></span> <span class='ocrx_word' id='word_1_85' title='bbox 738 1142 851 1219; x_wconf 80' lang='grc' dir='ltr'><strong><em>είδους</em></strong></span> <span class='ocrx_word' id='word_1_86' title='bbox 873 1136 894 1226; x_wconf 75' lang='grc' dir='ltr'><em>ἡ</em></span> <span class='ocrx_word' id='word_1_87' title='bbox 915 1136 1018 1227; x_wconf 88' lang='grc' dir='ltr'><strong><em>ὀρθία</em></strong></span> <span class='ocrx_word' id='word_1_88' title='bbox 1036 1137 1163 1225; x_wconf 79' lang='grc' dir='ltr'><strong><em>πλευρὰ</em></strong></span> 
     </span>
     <span class='ocr_line' id='line_1_11' title="bbox 98 1243 1162 1334; baseline 0.006 -27"><span class='ocrx_word' id='word_1_89' title='bbox 98 1259 132 1308; x_wconf 83' lang='grc'><strong><em>10</em></strong></span> <span class='ocrx_word' id='word_1_90' title='bbox 151 1250 234 1330; x_wconf 84' lang='grc' dir='ltr'><strong><em>πρὸς</em></strong></span> <span class='ocrx_word' id='word_1_91' title='bbox 261 1245 322 1332; x_wconf 79' lang='grc' dir='ltr'><strong><em>τὴν</em></strong></span> <span class='ocrx_word' id='word_1_92' title='bbox 350 1251 507 1331; x_wconf 78' lang='grc' dir='ltr'><strong><em>πλαγίαν·</em></strong></span> <span class='ocrx_word' id='word_1_93' title='bbox 545 1243 591 1325; x_wconf 80' lang='grc' dir='ltr'><strong><em>ώς</em></strong></span> <span class='ocrx_word' id='word_1_94' title='bbox 619 1245 656 1314; x_wconf 74' lang='grc' dir='ltr'><strong><em>δὲ</em></strong></span> <span class='ocrx_word' id='word_1_95' title='bbox 683 1243 704 1333; x_wconf 82' lang='grc' dir='ltr'><em>ἡ</em></span> <span class='ocrx_word' id='word_1_96' title='bbox 729 1251 808 1313; x_wconf 88' lang='grc' dir='ltr'><strong><em>ΜΚ</em></strong></span> <span class='ocrx_word' id='word_1_97' title='bbox 832 1249 915 1330; x_wconf 82' lang='grc' dir='ltr'><strong><em>πρὸς</em></strong></span> <span class='ocrx_word' id='word_1_98' title='bbox 941 1251 1021 1332; x_wconf 85' lang='grc' dir='ltr'><strong><em>ΚΓ,</em></strong></span> <span class='ocrx_word' id='word_1_99' title='bbox 1055 1247 1076 1334; x_wconf 81' lang='grc' dir='ltr'><em>ἡ</em></span> <span class='ocrx_word' id='word_1_100' title='bbox 1103 1251 1162 1314; x_wconf 84' lang='grc' dir='ltr'><strong><em>ΓΛ</em></strong></span> 
     </span>
     <span class='ocr_line' id='line_1_12' title="bbox 152 1349 1164 1440; baseline -0.001 -18"><span class='ocrx_word' id='word_1_101' title='bbox 152 1357 234 1440; x_wconf 82' lang='grc' dir='ltr'><strong><em>πρὸς</em></strong></span> <span class='ocrx_word' id='word_1_102' title='bbox 256 1359 337 1421; x_wconf 87' lang='grc' dir='ltr'><strong><em>ΔΑ·</em></strong></span> <span class='ocrx_word' id='word_1_103' title='bbox 370 1349 391 1439; x_wconf 79' lang='grc' dir='ltr'><em>ἡ</em></span> <span class='ocrx_word' id='word_1_104' title='bbox 415 1358 482 1420; x_wconf 84' lang='grc' dir='ltr'><strong><em>ΓΚ</em></strong></span> <span class='ocrx_word' id='word_1_105' title='bbox 503 1349 569 1440; x_wconf 82' lang='grc' dir='ltr'><strong><em>ίίρα</em></strong></span> <span class='ocrx_word' id='word_1_106' title='bbox 592 1355 676 1440; x_wconf 84' lang='grc' dir='ltr'><strong><em>πρὸς</em></strong></span> <span class='ocrx_word' id='word_1_107' title='bbox 699 1359 765 1420; x_wconf 81' lang='grc' dir='ltr'><strong><em>ΚΘ</em></strong></span> <span class='ocrx_word' id='word_1_108' title='bbox 788 1351 892 1439; x_wconf 92' lang='grc' dir='ltr'><strong><em>λόγου</em></strong></span> <span class='ocrx_word' id='word_1_109' title='bbox 915 1355 981 1438; x_wconf 80' lang='grc' dir='ltr'><strong><em>ἔχει</em></strong></span> <span class='ocrx_word' id='word_1_110' title='bbox 1004 1357 1065 1420; x_wconf 90' lang='grc' dir='ltr'><strong><em>τὸν</em></strong></span> <span class='ocrx_word' id='word_1_111' title='bbox 1089 1372 1164 1439; x_wconf 90' lang='grc' dir='ltr'><strong><em>συγ·</em></strong></span> 
     </span>
     <span class='ocr_line' id='line_1_13' title="bbox 149 1457 1164 1549; baseline 0 -21"><span class='ocrx_word' id='word_1_112' title='bbox 149 1467 305 1549; x_wconf 85' lang='grc' dir='ltr'><strong><em>κείμενον</em></strong></span> <span class='ocrx_word' id='word_1_113' title='bbox 333 1463 369 1528; x_wconf 81' lang='grc' dir='ltr'><strong><em>ἐκ</em></strong></span> <span class='ocrx_word' id='word_1_114' title='bbox 396 1463 457 1528; x_wconf 80' lang='grc' dir='ltr'><strong><em>τοῦ</em></strong></span> <span class='ocrx_word' id='word_1_115' title='bbox 484 1463 542 1546; x_wconf 80' lang='grc' dir='ltr'><strong><em>τῆς</em></strong></span> <span class='ocrx_word' id='word_1_116' title='bbox 569 1465 636 1527; x_wconf 84' lang='grc' dir='ltr'><strong><em>ΓΛ</em></strong></span> <span class='ocrx_word' id='word_1_117' title='bbox 668 1462 751 1546; x_wconf 82' lang='grc' dir='ltr'><strong><em>πρὸς</em></strong></span> <span class='ocrx_word' id='word_1_118' title='bbox 775 1466 845 1526; x_wconf 87' lang='grc' dir='ltr'><strong><em>ΛΑ</em></strong></span> <span class='ocrx_word' id='word_1_119' title='bbox 876 1458 932 1526; x_wconf 83' lang='grc' dir='ltr'><strong><em>καὶ</em></strong></span> <span class='ocrx_word' id='word_1_120' title='bbox 959 1470 1018 1545; x_wconf 79' lang='grc' dir='ltr'><strong><em>τῆς</em></strong></span> <span class='ocrx_word' id='word_1_121' title='bbox 1047 1457 1164 1547; x_wconf 74' lang='grc' dir='ltr'><strong><em>ὀρθίας</em></strong></span> 
     </span>
     <span class='ocr_line' id='line_1_14' title="bbox 152 1564 1164 1655; baseline 0 -20"><span class='ocrx_word' id='word_1_122' title='bbox 152 1571 234 1655; x_wconf 84' lang='grc' dir='ltr'><strong><em>πρὸς</em></strong></span> <span class='ocrx_word' id='word_1_123' title='bbox 256 1567 318 1654; x_wconf 79' lang='grc' dir='ltr'><strong><em>τὴν</em></strong></span> <span class='ocrx_word' id='word_1_124' title='bbox 336 1573 491 1653; x_wconf 89' lang='grc' dir='ltr'><strong><em>πλαγίαν.</em></strong></span> <span class='ocrx_word' id='word_1_125' title='bbox 527 1571 587 1634; x_wconf 83' lang='grc' dir='ltr'><strong><em>καί</em></strong></span> <span class='ocrx_word' id='word_1_126' title='bbox 603 1566 673 1633; x_wconf 86' lang='grc' dir='ltr'><strong><em>έστι</em></strong></span> <span class='ocrx_word' id='word_1_127' title='bbox 691 1569 729 1632; x_wconf 88' lang='grc' dir='ltr'><strong><em>τὸ</em></strong></span> <span class='ocrx_word' id='word_1_128' title='bbox 743 1570 837 1632; x_wconf 86' lang='grc' dir='ltr'><strong><em>ΓΔΑ</em></strong></span> <span class='ocrx_word' id='word_1_129' title='bbox 860 1570 1027 1651; x_wconf 88' lang='grc' dir='ltr'><strong><em>τρίγωνον</em></strong></span> <span class='ocrx_word' id='word_1_130' title='bbox 1046 1570 1084 1634; x_wconf 87' lang='grc' dir='ltr'><strong><em>τὸ</em></strong></span> <span class='ocrx_word' id='word_1_131' title='bbox 1101 1564 1164 1635; x_wconf 77' lang='grc' dir='ltr'><strong><em>ἀπὸ</em></strong></span> 
     </span>
     <span class='ocr_line' id='line_1_15' title="bbox 152 1670 1164 1760; baseline 0.002 -19"><span class='ocrx_word' id='word_1_132' title='bbox 152 1677 209 1760; x_wconf 74' lang='grc' dir='ltr'><strong><em>τῆς</em></strong></span> <span class='ocrx_word' id='word_1_133' title='bbox 228 1680 263 1741; x_wconf 87' lang='grc' dir='ltr'><strong><em>Κ</em></strong></span> <span class='ocrx_word' id='word_1_134' title='bbox 267 1680 296 1741; x_wconf 80' lang='grc' dir='ltr'>Θ</span> <span class='ocrx_word' id='word_1_135' title='bbox 318 1670 419 1759; x_wconf 76' lang='grc' dir='ltr'><strong><em>εἶδος,</em></strong></span> <span class='ocrx_word' id='word_1_136' title='bbox 442 1675 479 1740; x_wconf 88' lang='grc' dir='ltr'><strong><em>τὸ</em></strong></span> <span class='ocrx_word' id='word_1_137' title='bbox 499 1672 537 1740; x_wconf 74' lang='grc' dir='ltr'><strong><em>δὲ</em></strong></span> <span class='ocrx_word' id='word_1_138' title='bbox 554 1678 665 1757; x_wconf 63' lang='lat' dir='ltr'><strong><em>mv),</em></strong></span> <span class='ocrx_word' id='word_1_139' title='bbox 688 1673 837 1740; x_wconf 79' lang='grc' dir='ltr'><strong><em>τουτέστι</em></strong></span> <span class='ocrx_word' id='word_1_140' title='bbox 856 1675 893 1738; x_wconf 89' lang='grc' dir='ltr'><strong><em>τὸ</em></strong></span> <span class='ocrx_word' id='word_1_141' title='bbox 912 1677 1020 1758; x_wconf 80' lang='grc' dir='ltr'><em>ΓΔΘ,</em></span> <span class='ocrx_word' id='word_1_142' title='bbox 1044 1677 1081 1741; x_wconf 93' lang='grc' dir='ltr'><strong><em>τὸ</em></strong></span> <span class='ocrx_word' id='word_1_143' title='bbox 1101 1670 1164 1742; x_wconf 83' lang='grc' dir='ltr'><strong><em>ἀπὸ</em></strong></span> 
     </span>
     <span class='ocr_line' id='line_1_16' title="bbox 52 1764 1166 1866; baseline 0.003 -20"><span class='ocrx_word' id='word_1_144' title='bbox 52 1832 55 1837; x_wconf 86' lang='grc'>.</span> <span class='ocrx_word' id='word_1_145' title='bbox 99 1791 133 1839; x_wconf 82' lang='lat'><strong><em>15</em></strong></span> <span class='ocrx_word' id='word_1_146' title='bbox 152 1784 211 1866; x_wconf 80' lang='grc' dir='ltr'><strong><em>τῆς</em></strong></span> <span class='ocrx_word' id='word_1_147' title='bbox 231 1764 313 1864; x_wconf 77' lang='grc' dir='ltr'><strong><em>ΓΚ,Ι</em></strong></span> <span class='ocrx_word' id='word_1_148' title='bbox 345 1779 496 1848; x_wconf 82' lang='grc' dir='ltr'><strong><em>τουτέστι</em></strong></span> <span class='ocrx_word' id='word_1_149' title='bbox 523 1782 582 1864; x_wconf 78' lang='grc' dir='ltr'><strong><em>τῆς</em></strong></span> <span class='ocrx_word' id='word_1_150' title='bbox 605 1785 689 1846; x_wconf 83' lang='grc' dir='ltr'><strong><em>ΔΘ·</em></strong></span> <span class='ocrx_word' id='word_1_151' title='bbox 725 1783 763 1846; x_wconf 88' lang='grc' dir='ltr'><strong><em>τὸ</em></strong></span> <span class='ocrx_word' id='word_1_152' title='bbox 787 1784 881 1847; x_wconf 88' lang='grc' dir='ltr'><strong><em>ΓΔΑ</em></strong></span> <span class='ocrx_word' id='word_1_153' title='bbox 909 1777 975 1866; x_wconf 75' lang='grc' dir='ltr'><strong><em>ἄρα</em></strong></span> <span class='ocrx_word' id='word_1_154' title='bbox 999 1785 1166 1866; x_wconf 87' lang='grc' dir='ltr'><strong><em>τρίγωνον</em></strong></span> 
     </span>
     <span class='ocr_line' id='line_1_17' title="bbox 152 1883 1166 1978; baseline 0.004 -26"><span class='ocrx_word' id='word_1_155' title='bbox 152 1888 213 1954; x_wconf 80' lang='grc' dir='ltr'><strong><em>τοῦ</em></strong></span> <span class='ocrx_word' id='word_1_156' title='bbox 232 1891 300 1954; x_wconf 89' lang='grc' dir='ltr'><strong><em>ΓΚ</em></strong></span> <span class='ocrx_word' id='word_1_157' title='bbox 305 1891 334 1952; x_wconf 79' lang='grc' dir='ltr'>Θ</span> <span class='ocrx_word' id='word_1_158' title='bbox 355 1884 409 1953; x_wconf 77' lang='grc' dir='ltr'><strong><em>ἐπὶ</em></strong></span> <span class='ocrx_word' id='word_1_159' title='bbox 432 1884 494 1971; x_wconf 73' lang='grc' dir='ltr'><strong><em>μὲν</em></strong></span> <span class='ocrx_word' id='word_1_160' title='bbox 517 1888 576 1971; x_wconf 77' lang='grc' dir='ltr'><strong><em>τῆς</em></strong></span> <span class='ocrx_word' id='word_1_161' title='bbox 598 1884 788 1972; x_wconf 79' lang='grc' dir='ltr'><strong><em>ὑπερβολῆς</em></strong></span> <span class='ocrx_word' id='word_1_162' title='bbox 811 1883 923 1971; x_wconf 81' lang='grc' dir='ltr'><strong><em>μεῖζόν</em></strong></span> <span class='ocrx_word' id='word_1_163' title='bbox 947 1886 1017 1952; x_wconf 90' lang='grc' dir='ltr'><strong><em>έστι</em></strong></span> <span class='ocrx_word' id='word_1_164' title='bbox 1035 1891 1082 1978; x_wconf 82' lang='grc' dir='ltr'><strong><em>τῳ</em></strong></span> <span class='ocrx_word' id='word_1_165' title='bbox 1102 1884 1166 1956; x_wconf 76' lang='grc' dir='ltr'><strong><em>ἀπὸ</em></strong></span> 
     </span>
     <span class='ocr_line' id='line_1_18' title="bbox 150 1989 1168 2084; baseline 0.003 -24"><span class='ocrx_word' id='word_1_166' title='bbox 150 1995 209 2078; x_wconf 81' lang='grc' dir='ltr'><strong><em>τῆς</em></strong></span> <span class='ocrx_word' id='word_1_167' title='bbox 222 1998 289 2059; x_wconf 79' lang='grc' dir='ltr'><strong><em>ΑΘ</em></strong></span> <span class='ocrx_word' id='word_1_168' title='bbox 305 1990 458 2084; x_wconf 76' lang='grc' dir='ltr'><strong><em>τριγώνῳ</em></strong></span> <span class='ocrx_word' id='word_1_169' title='bbox 479 1989 583 2082; x_wconf 80' lang='grc' dir='ltr'><strong><em>ὁμοίῳ</em></strong></span> <span class='ocrx_word' id='word_1_170' title='bbox 602 1996 647 2084; x_wconf 81' lang='grc' dir='ltr'><strong><em>τῳ</em></strong></span> <span class='ocrx_word' id='word_1_171' title='bbox 663 1998 769 2078; x_wconf 83' lang='grc' dir='ltr'><em>ΓΔΑ,</em></span> <span class='ocrx_word' id='word_1_172' title='bbox 794 1992 846 2060; x_wconf 81' lang='grc' dir='ltr'><strong><em>ἐπὶ</em></strong></span> <span class='ocrx_word' id='word_1_173' title='bbox 867 1991 904 2059; x_wconf 73' lang='grc' dir='ltr'><strong><em>δὲ</em></strong></span> <span class='ocrx_word' id='word_1_174' title='bbox 916 1995 976 2079; x_wconf 80' lang='grc' dir='ltr'><strong><em>τῆς</em></strong></span> <span class='ocrx_word' id='word_1_175' title='bbox 990 1993 1168 2076; x_wconf 80' lang='grc' dir='ltr'><strong><em>ἐλλείψεως</em></strong></span> 
     </span>
     <span class='ocr_line' id='line_1_19' title="bbox 151 2097 1167 2194; baseline 0.004 -29"><span class='ocrx_word' id='word_1_176' title='bbox 151 2098 207 2166; x_wconf 83' lang='grc' dir='ltr'><strong><em>καὶ</em></strong></span> <span class='ocrx_word' id='word_1_177' title='bbox 229 2102 291 2167; x_wconf 84' lang='grc' dir='ltr'><strong><em>τοῦ</em></strong></span> <span class='ocrx_word' id='word_1_178' title='bbox 308 2098 435 2167; x_wconf 81' lang='grc' dir='ltr'><strong><em>κύκλου</em></strong></span> <span class='ocrx_word' id='word_1_179' title='bbox 458 2102 495 2167; x_wconf 88' lang='grc' dir='ltr'><strong><em>τὸ</em></strong></span> <span class='ocrx_word' id='word_1_180' title='bbox 515 2105 611 2167; x_wconf 80' lang='grc' dir='ltr'><strong><em>ΓΔΘ</em></strong></span> <span class='ocrx_word' id='word_1_181' title='bbox 633 2097 715 2186; x_wconf 87' lang='grc' dir='ltr'><strong><em>μετὰ</em></strong></span> <span class='ocrx_word' id='word_1_182' title='bbox 733 2102 793 2167; x_wconf 83' lang='grc' dir='ltr'><strong><em>τοῦ</em></strong></span> <span class='ocrx_word' id='word_1_183' title='bbox 812 2105 908 2167; x_wconf 86' lang='grc' dir='ltr'><strong><em>ΓΔΑ</em></strong></span> <span class='ocrx_word' id='word_1_184' title='bbox 931 2106 1008 2167; x_wconf 88' lang='grc' dir='ltr'><strong><em>ίσον</em></strong></span> <span class='ocrx_word' id='word_1_185' title='bbox 1032 2101 1104 2170; x_wconf 82' lang='grc' dir='ltr'><strong><em>ἐστὶ</em></strong></span> <span class='ocrx_word' id='word_1_186' title='bbox 1123 2106 1167 2194; x_wconf 79' lang='grc' dir='ltr'><strong><em>τῷ</em></strong></span> 
     </span>
     <span class='ocr_line' id='line_1_20' title="bbox 152 2201 1167 2297; baseline 0.004 -25"><span class='ocrx_word' id='word_1_187' title='bbox 152 2203 256 2297; x_wconf 78' lang='grc' dir='ltr'><strong><em>αὐτῷ·</em></strong></span> <span class='ocrx_word' id='word_1_188' title='bbox 279 2203 413 2294; x_wconf 79' lang='grc' dir='ltr'><strong><em>καὶγὰρ</em></strong></span> <span class='ocrx_word' id='word_1_189' title='bbox 429 2205 482 2274; x_wconf 83' lang='grc' dir='ltr'><strong><em>ἐπὶ</em></strong></span> <span class='ocrx_word' id='word_1_190' title='bbox 496 2209 565 2274; x_wconf 86' lang='grc' dir='ltr'><strong><em>τών</em></strong></span> <span class='ocrx_word' id='word_1_191' title='bbox 579 2209 765 2273; x_wconf 78' lang='grc' dir='ltr'><strong><em>διπλασίων</em></strong></span> <span class='ocrx_word' id='word_1_192' title='bbox 781 2201 893 2272; x_wconf 77' lang='grc' dir='ltr'><strong><em>αὐτῶν</em></strong></span> <span class='ocrx_word' id='word_1_193' title='bbox 912 2209 1012 2273; x_wconf 80' lang='grc' dir='ltr'><strong><em>τοῦτο</em></strong></span> <span class='ocrx_word' id='word_1_194' title='bbox 1029 2209 1167 2296; x_wconf 80' lang='grc' dir='ltr'><strong><em>ἐδείχθη</em></strong></span> 
     </span>
     <span class='ocr_line' id='line_1_21' title="bbox 98 2305 1168 2406; baseline 0.003 -25"><span class='ocrx_word' id='word_1_195' title='bbox 98 2322 133 2371; x_wconf 82' lang='lat'><strong><em>20</em></strong></span> <span class='ocrx_word' id='word_1_196' title='bbox 153 2315 189 2381; x_wconf 84' lang='grc' dir='ltr'><strong><em>ἐν</em></strong></span> <span class='ocrx_word' id='word_1_197' title='bbox 212 2317 257 2406; x_wconf 80' lang='grc' dir='ltr'><strong><em>τῳ</em></strong></span> <span class='ocrx_word' id='word_1_198' title='bbox 280 2317 533 2404; x_wconf 79' lang='grc' dir='ltr'><strong><em>τεσσαρακοστῷ</em></strong></span> <span class='ocrx_word' id='word_1_199' title='bbox 557 2312 677 2403; x_wconf 92' lang='grc' dir='ltr'><strong><em>πρώτῳ</em></strong></span> <span class='ocrx_word' id='word_1_200' title='bbox 700 2309 903 2399; x_wconf 83' lang='grc' dir='ltr'><strong><em>θεωρήματι.</em></strong></span> <span class='ocrx_word' id='word_1_201' title='bbox 947 2313 1018 2380; x_wconf 82' lang='grc' dir='ltr'><strong><em>έπελ</em></strong></span> <span class='ocrx_word' id='word_1_202' title='bbox 1042 2305 1168 2384; x_wconf 81' lang='grc' dir='ltr'><strong><em>οὖντὸ</em></strong></span> 
     </span>
     <span class='ocr_line' id='line_1_22' title="bbox 151 2416 1168 2513; baseline 0.003 -23"><span class='ocrx_word' id='word_1_203' title='bbox 151 2427 245 2491; x_wconf 89' lang='grc' dir='ltr'><strong><em>ΓΔΑ</em></strong></span> <span class='ocrx_word' id='word_1_204' title='bbox 275 2426 441 2510; x_wconf 90' lang='grc' dir='ltr'><strong><em>τρίγωνον</em></strong></span> <span class='ocrx_word' id='word_1_205' title='bbox 469 2431 530 2489; x_wconf 86' lang='grc' dir='ltr'><strong><em>τοῦ</em></strong></span> <span class='ocrx_word' id='word_1_206' title='bbox 558 2426 658 2489; x_wconf 62' lang='lat' dir='ltr'><strong><em>PK&amp;</em></strong></span> <span class='ocrx_word' id='word_1_207' title='bbox 690 2416 765 2509; x_wconf 73' lang='grc' dir='ltr'><strong><em>ἤτοι</em></strong></span> <span class='ocrx_word' id='word_1_208' title='bbox 792 2421 853 2485; x_wconf 82' lang='grc' dir='ltr'><strong><em>τοῦ</em></strong></span> <span class='ocrx_word' id='word_1_209' title='bbox 881 2425 978 2487; x_wconf 66' lang='lat' dir='ltr'><strong><em>M&amp;</em></strong></span> <span class='ocrx_word' id='word_1_210' title='bbox 1010 2424 1168 2513; x_wconf 77' lang='grc' dir='ltr'><strong><em>διαφέρει</em></strong></span> 
     </span>
    </p>
   </div>
   <div class='ocr_carea' id='block_1_3' title="bbox 151 3250 1169 3455">
    <p class='ocr_par' dir='ltr' id='par_1_3' title="bbox 151 3250 1169 3455">
     <span class='ocr_line' id='line_1_23' title="bbox 151 3250 1169 3351; baseline 0.011 -31"><span class='ocrx_word' id='word_1_211' title='bbox 151 3256 196 3344; x_wconf 77' lang='grc' dir='ltr'><strong><em>τῷ</em></strong></span> <span class='ocrx_word' id='word_1_212' title='bbox 220 3250 285 3322; x_wconf 75' lang='grc' dir='ltr'><strong><em>ἀπὸ</em></strong></span> <span class='ocrx_word' id='word_1_213' title='bbox 309 3256 367 3342; x_wconf 77' lang='grc' dir='ltr'><strong><em>τῆς</em></strong></span> <span class='ocrx_word' id='word_1_214' title='bbox 389 3263 456 3323; x_wconf 82' lang='grc' dir='ltr'><strong><em>ΑΘ</em></strong></span> <span class='ocrx_word' id='word_1_215' title='bbox 482 3257 634 3348; x_wconf 78' lang='grc' dir='ltr'><strong><em>τριγώνῳ</em></strong></span> <span class='ocrx_word' id='word_1_216' title='bbox 664 3257 769 3350; x_wconf 85' lang='grc' dir='ltr'><strong><em>ὁμοίῳ</em></strong></span> <span class='ocrx_word' id='word_1_217' title='bbox 797 3270 842 3351; x_wconf 79' lang='grc' dir='ltr'><strong><em>τῳ</em></strong></span> <span class='ocrx_word' id='word_1_218' title='bbox 867 3264 976 3344; x_wconf 86' lang='grc' dir='ltr'><em>ΓΔΑ,</em></span> <span class='ocrx_word' id='word_1_219' title='bbox 1010 3264 1169 3349; x_wconf 77' lang='grc' dir='ltr'><strong><em>διαφέρει</em></strong></span> 
     </span>
     <span class='ocr_line' id='line_1_24' title="bbox 153 3361 1168 3455; baseline 0.011 -27"><span class='ocrx_word' id='word_1_220' title='bbox 153 3361 190 3429; x_wconf 75' lang='grc' dir='ltr'><strong><em>δὲ</em></strong></span> <span class='ocrx_word' id='word_1_221' title='bbox 208 3363 263 3429; x_wconf 79' lang='grc' dir='ltr'><strong><em>καὶ</em></strong></span> <span class='ocrx_word' id='word_1_222' title='bbox 281 3390 326 3453; x_wconf 87' lang='grc' dir='ltr'><strong><em>τῳ</em></strong></span> <span class='ocrx_word' id='word_1_223' title='bbox 342 3368 441 3429; x_wconf 84' lang='grc' dir='ltr'><strong><em>ΓΘΑ</em></strong></span> <span class='ocrx_word' id='word_1_224' title='bbox 459 3363 622 3455; x_wconf 86' lang='grc' dir='ltr'><strong><em>τριγώνῳ,</em></strong></span> <span class='ocrx_word' id='word_1_225' title='bbox 645 3375 720 3434; x_wconf 88' lang='grc' dir='ltr'><strong><em>ίσον</em></strong></span> <span class='ocrx_word' id='word_1_226' title='bbox 740 3364 805 3454; x_wconf 76' lang='grc' dir='ltr'><strong><em>ἄρα</em></strong></span> <span class='ocrx_word' id='word_1_227' title='bbox 823 3370 861 3433; x_wconf 87' lang='grc' dir='ltr'><strong><em>τὸ</em></strong></span> <span class='ocrx_word' id='word_1_228' title='bbox 877 3372 977 3433; x_wconf 84' lang='grc' dir='ltr'><strong><em>ΓΘΑ</em></strong></span> <span class='ocrx_word' id='word_1_229' title='bbox 996 3372 1168 3455; x_wconf 87' lang='grc' dir='ltr'><strong><em>τρίγωνον</em></strong></span> 
     </span>
    </p>
   </div>
   <div class='ocr_carea' id='block_1_4' title="bbox 222 3504 622 3576">
    <p class='ocr_par' dir='ltr' id='par_1_4' title="bbox 222 3504 622 3576">
     <span class='ocr_line' id='line_1_25' title="bbox 222 3504 622 3576; baseline 0.01 -18"><span class='ocrx_word' id='word_1_230' title='bbox 222 3505 282 3575; x_wconf 77' lang='lat' dir='ltr'>Fig.</span> <span class='ocrx_word' id='word_1_231' title='bbox 301 3504 423 3576; x_wconf 82' lang='lat' dir='ltr'>priorem</span> <span class='ocrx_word' id='word_1_232' title='bbox 442 3504 485 3558; x_wconf 85' lang='lat' dir='ltr'><strong><em>bis</em></strong></span> <span class='ocrx_word' id='word_1_233' title='bbox 504 3505 569 3561; x_wconf 80' lang='lat' dir='ltr'><strong>hab.</strong></span> <span class='ocrx_word' id='word_1_234' title='bbox 588 3505 622 3562; x_wconf 89' lang='lat' dir='ltr'><strong><em>V.</em></strong></span> 
     </span>
    </p>
   </div>
   <div class='ocr_carea' id='block_1_5' title="bbox 0 0 1229 3892">
    <p class='ocr_par' dir='ltr' id='par_1_5' title="bbox 0 0 1229 3892">
     <span class='ocr_line' id='line_1_26' title="bbox 0 0 1229 3892; baseline 0 0"><span class='ocrx_word' id='word_1_235' title='bbox 0 0 1229 3892; x_wconf 95' lang='lat' dir='ltr'><strong><em> </em></strong></span> 
     </span>
    </p>
   </div>
  </div>
 </body>
</html>
