2438 3892
419 172 634 224 conroonurn
651 173 761 222 arena
779 174 800 223 1.
1096 170 1117 234 5

100 316 275 400 pertinent,
294 316 440 381 continet
459 317 568 380 autem
587 314 712 399 primus
732 315 873 396 origines
888 315 987 379 trium
1003 316 1117 380 sectio-

97 429 177 485 num
196 422 485 506 oppositarumque
505 423 538 485 et
556 421 773 505 proprietates
793 442 903 484 earum
920 420 1116 506 principales

97 529 196 592 latius
220 529 499 613 uniuersaliusque
523 527 703 612 expositae,
729 549 827 612 quam
850 549 933 611 quae
958 528 1055 591 ceteri
1079 528 1117 592 de

98 635 139 699 iis
159 635 367 718 scripserunt,
391 633 483 718 alter,
504 655 585 717 quae
605 634 756 697 diametri
775 654 916 716 axesque
936 633 1115 697 sectionum

98 743 132 803 et
165 742 369 824 asymptotae
402 740 536 823 proprie
568 740 693 804 habent
725 739 868 822 aliaque,
906 760 989 823 quae
1022 761 1117 803 usum

98 847 281 930 generalem
295 845 577 928 necessariumque
592 846 633 909 ad
649 845 933 910 determinationes
946 845 1118 929 praebent3

97 975 178 1038 quas
203 955 312 1016 autern
336 950 511 1016 diametros
536 972 682 1036 quosque
707 973 782 1015 axes
802 951 973 1035 adpellem,
997 972 1036 1015 ex
1055 951 1118 1016 hoc

97 1059 181 1125 libro
201 1058 390 1142 comperies
422 1057 538 1121 tertius
558 1078 636 1122 uero
655 1057 798 1142 plurima
817 1061 850 1122 et
868 1059 952 1122 mira
970 1058 1117 1123 continet

97 1167 303 1229 theoremata
335 1167 369 1227 et
399 1163 438 1226 ad
467 1163 737 1246 compositionem
763 1164 908 1229 locorum
937 1165 1118 1230 solidorum

99 1276 132 1335 et
156 1271 196 1335 ad
221 1268 508 1334 determinationes
532 1269 636 1347 utilia,
660 1290 796 1354 quorum
819 1270 972 1354 pleraque
996 1274 1029 1335 et
1049 1272 1118 1355 pul·

100 1377 261 1442 cherrima
288 1398 375 1441 noua
403 1379 493 1459 sunt3
522 1376 639 1458 quibus
667 1375 806 1439 inuentis
830 1377 983 1462 cognoui,
1010 1378 1118 1442 locum

98 1483 139 1548 ad
157 1487 224 1548 tres
244 1486 277 1548 et
295 1487 450 1568 quattuor
469 1482 572 1546 lineas
591 1481 726 1545 minime
745 1481 786 1546 ab
803 1481 939 1546 Euclide
958 1485 1118 1568 componi,

98 1590 154 1655 sed
176 1593 302 1675 partem
326 1593 455 1653 tantum
479 1588 651 1653 fortuitam
676 1587 758 1671 eius,
787 1591 819 1651 et
841 1587 875 1651 id
898 1588 1028 1672 quidem
1051 1611 1118 1653 non

98 1697 233 1782 optime3
266 1717 370 1778 neque
399 1695 484 1758 enim
512 1694 584 1758 fieri
611 1694 733 1777 potuit,
762 1698 798 1757 ut
825 1682 1019 1777 compositio
1049 1694 1117 1759 sine

96 1802 374 1887 propositionibus
399 1822 419 1865 a
440 1799 535 1865 nobis
561 1800 696 1865 adiectis
719 1800 938 1883 perficeretur.
981 1804 1117 1885 quartus

98 1912 207 1974 autem
226 1908 380 1990 continet,
399 1911 479 1991 quot
497 1907 602 1971 modis
624 1907 786 1972 sectiones
806 1928 961 1973 cenorum
982 1912 1015 1973 et
1029 1908 1117 1973 inter

99 2037 133 2080 se
157 2019 190 2079 et
213 2037 286 2080 cum
310 2013 435 2079 ambitu
455 2013 567 2078 circuli
586 2016 789 2098 concurrant,
812 2018 845 2078 et
862 2016 1032 2097 praeterea
1051 2015 1118 2079 alia

98 2122 266 2205 quaedam,
285 2142 425 2205 quorum
443 2123 594 2183 neutrum
609 2139 711 2204 genus
728 2142 747 2183 a
760 2118 925 2203 prioribus
940 2123 1117 2185 tractatum

99 2231 161 2311 est,
191 2228 224 2291 in
254 2229 333 2310 quot
359 2226 489 2310 punctis
519 2226 619 2291 sectio
650 2226 723 2291 coni
751 2227 804 2290 uel
835 2227 977 2292 ambitus
1005 2227 1116 2292 circuli

97 2337 293 2400 concurrant
318 2335 405 2414 [cum
429 2333 588 2416 oppositis
608 2332 827 2415 sectionibus}
870 2334 989 2416 reliqui
1008 2338 1117 2398 autem

96 2442 174 2506 libri
201 2441 338 2505 ulterius
366 2439 630 2524 progrediuntur.
676 2439 802 2522 primus
831 2439 917 2502 enim
942 2460 1054 2503 eorum
1078 2439 1116 2504 de

97 2548 241 2612 minimis
270 2551 303 2610 et
330 2545 478 2609 maximis
506 2545 605 2609 latius
635 2548 769 2628 tractat,
797 2545 956 2608 secundus
981 2544 1117 2609 deceni

97 2653 296 2719 sectionibus
320 2651 511 2736 aequalibus
534 2657 567 2716 et
591 2651 762 2729 similibus,
785 2651 901 2714 tertius
926 2650 964 2714 de
988 2650 1115 2716 theore-

97 2760 196 2824 matis
212 2759 251 2824 ad
267 2758 570 2824 determinationem
580 2755 829 2841 pertinentibus,
844 2759 978 2841 quartus
988 2759 1115 2842 proble-

97 2871 188 2932 mata
229 2866 343 2931 conica
379 2865 480 2929 habet
517 2864 741 2928 determinata.
800 2885 913 2928 uerum
952 2864 1115 2930 enimuero

98 2972 250 3038 omnibus
274 2971 370 3035 editis
394 2971 443 3053 iis,
467 2971 522 3054 qui
546 2972 668 3055 legent,
690 2969 776 3055 licet,
801 2992 855 3036 eos
878 2993 937 3055 pro
963 2971 1115 3054 cuiusque

98 3079 269 3143 uoluntate
293 3079 472 3141 aestimare.
518 3078 600 3140 uale.

97 3322 152 3360 rec.
174 3305 249 3373 (add.
268 3305 348 3372 γραι).
422 3309 463 3359 18.
483 3301 594 3376 κιόνων]
614 3323 665 3372 ov;
689 3322 768 3361 euan.
787 3305 825 3374 V,
850 3322 908 3374 rep.
928 3323 984 3375 mg.
1003 3324 1039 3360 m.
1058 3321 1113 3359 ree.

135 3381 177 3429 21.
198 3372 285 3445 nard]
306 3390 356 3428 scr.
377 3379 437 3435 ταῖς
456 3371 665 3445 ἀντικειμέναις
684 3372 771 3444 κατάς
791 3375 839 3431 cfr.
859 3375 898 3430 IV
916 3375 1003 3445 praef.
