2438 3892
121 129 187 194 338
521 126 689 178 Κααιιυεα
708 124 747 194 γ’.

190 269 260 336 ἐπεὶ
291 267 356 357 γὰρ
388 270 552 336 δέδεικται
582 275 658 335 ἴσον
685 270 722 335 τὸ
752 266 814 353 μὲν
842 274 954 335 ΑΟΠ
976 273 1121 354 τρίγωνον

121 379 167 466 τῷ
196 381 341 442 ΚΟΕΣ
363 372 610 465 τετραπλεύρῳ,
637 377 675 441 τὸ
703 372 741 441 δὲ
769 379 891 440 ΛΜΝ
914 377 959 465 τῷ
989 382 1120 460 ΒΜΒΡ,

125 485 246 550 λοιπὸν
274 479 339 567 ἄρα
367 485 404 548 τὸ
428 486 497 547 KP
520 482 620 548 λιπδν
647 476 668 567 ἢ
698 482 894 566 προσλαβὸν
917 485 955 548 τὸ
980 488 1042 548 ΒΟ
1062 489 1121 548 ἴσον

125 588 195 656 ἐστὶ
223 590 268 677 τῷ
292 593 381 653 ΜΠ.
427 586 483 652 καὶ
509 588 629 654 κοινοῦ
657 587 905 668 προστεθέντος
933 583 954 673 ἢ
980 584 1121 674 αἰφαιρου-

88 696 231 780 σμένον
252 696 314 760 τοῦ
338 698 401 759 ΒΟ
424 698 461 760 τὸ
485 699 558 759 BH
578 699 654 759 ἴσον
678 692 747 759 ἐστὶ
770 695 815 781 τῷ
840 695 914 768 ΞΣ.

605 913 660 972 ιγ.

187 1010 267 1079 Ἐὰν
305 1015 341 1079 έν
378 1024 450 1090 ταῖς
485 1008 568 1077 κατὰ
601 1014 762 1096 συζυγίαν
795 1007 1039 1098 ἀντικειμέναις
1065 1014 1120 1078 τῶν

125 1118 242 1203 ἐφεξῆς
269 1127 383 1203 τομῶν
412 1117 544 1184 εὐθεῖαι
572 1116 799 1202 ἐφαπτόμεναι
827 1123 1050 1203 συμπίπτωσι,
1077 1115 1120 1182 καὶ

125 1223 181 1291 διὰ
204 1227 272 1290 τῶν
296 1222 395 1308 διφῶν
420 1221 592 1310 διάμετροι
615 1220 785 1309 ἀχθῶσιν,
815 1230 871 1290 ἴσα
896 1228 989 1291 ἔσται
1010 1223 1047 1291 τὰ
1067 1227 1119 1307 τρί-

73 1350 105 1398 10
123 1357 231 1416 χωνα,
261 1321 309 1397 ὦν
337 1328 469 1416 κορυφὴ
498 1329 595 1417 κοινὴ
623 1334 660 1397 τὸ
688 1332 829 1420 κέντρον
858 1331 928 1399 ἐστὶ
956 1334 1025 1399 τῶν
1049 1328 1119 1396 ιἰντι-

124 1437 296 1523 κειμένων.

192 1548 340 1610 ἒστωσαν
365 1547 515 1628 συζυγεῖς
538 1540 779 1629 ἄντικείμεναι,
808 1544 859 1628 ἐφ’
888 1535 938 1610 οἷν
961 1544 1001 1612 τὰ
1024 1553 1066 1628 Α,
1090 1547 1119 1624 Β,

124 1655 166 1733 Γ,
191 1658 225 1716 Δ
260 1662 394 1734 σημεῖα,
427 1649 485 1716 καὶ
512 1653 580 1715 τῶν
604 1658 650 1734 A,
674 1656 703 1716 Β
735 1660 846 1736 τομῶν
874 1651 1120 1736 ἐφαπτέσθωσαν

124 1759 162 1821 αἱ
181 1763 259 1840 ΒΕ,
277 1760 347 1820 AE
369 1761 616 1840 συμπίπτουσαι
639 1754 722 1822 κατὰ
744 1760 782 1823 τὸ
806 1763 850 1842 Ε,
880 1757 936 1825 καὶ
962 1762 1042 1825 ἔστω
1064 1757 1120 1823 κέν-

72 1876 104 1924 15
122 1886 205 1945 τρον
230 1865 268 1927 τὸ
297 1868 340 1946 Θ,
372 1861 428 1926 καὶ
457 1862 698 1946 ἐπιζευχθεῖσαι
733 1866 771 1929 αἱ
795 1871 875 1948 ΑΘ,
899 1869 963 1930 ΒΘ
991 1858 1120 1949 ἐκβεβλή-

124 1974 263 2032 σθωσαν
292 1967 344 2032 ἐπὶ
367 1965 407 2032 τὰ
433 1974 481 2050 Δ,
501 1972 537 2034 Γ.
583 1969 685 2054 λέγω,
715 1965 766 2036 ὅτι
791 1977 866 2036 ἴσον
890 1969 960 2037 ἐστὶ
983 1973 1019 2036 τὸ
1042 1971 1119 2036 ΒΖΘ

122 2075 288 2155 τρίγωνον
310 2074 356 2160 τῷ
381 2078 486 2138 ΑΗΘ
508 2073 672 2162 τριχῶνφ.

190 2178 351 2264 ἤχθωσαν
383 2204 448 2263 γαρ
483 2177 539 2245 διὰ
571 2184 640 2247 τῶν
669 2189 718 2263 Α,
738 2188 767 2246 Θ
798 2179 887 2266 παρὰ
919 2180 982 2266 τὴν
1010 2187 1071 2246 ΒΕ
1094 2177 1120 2242 αἱ

124 2293 155 2350 Α
161 2291 194 2350 Κ
200 2337 208 2369 ‚
224 2291 341 2351 ΛΘΜ.
379 2285 449 2351 ἐπεὶ
469 2276 532 2352 οὖν
552 2285 731 2371 ἐφάπτεται
749 2291 807 2372 τῆς
826 2293 854 2352 Β
872 2297 977 2371 τομῆς
992 2284 1012 2372 ἡ
1026 2289 1118 2363 ΒΖΒ,

72 2409 106 2457 20
124 2392 179 2458 καὶ
204 2389 260 2458 διὰ
283 2402 342 2477 τῆς
366 2389 455 2477 ἁφῆς
480 2390 657 2476 διάμετρός
681 2395 771 2459 ἐστιν
795 2391 814 2477 ἡ
835 2400 952 2477 ΑΘΒ,
976 2392 1032 2459 καὶ
1049 2384 1119 2473 παρὰ

123 2499 185 2585 τὴν
205 2506 270 2565 ΒΕ
292 2501 382 2566 ἐστιν
401 2495 421 2583 ἡ
442 2505 530 2582 ΛΜ,
557 2500 700 2584 συζυχής
719 2501 808 2566 ἐστιν
828 2496 848 2584 ἡ
869 2506 951 2564 ΛΜ
965 2499 1120 2585 διάμετρος

123 2609 162 2693 τῇ
195 2613 263 2672 ΒΛ
301 2606 465 2695 διαμέτρῳ
503 2602 523 2689 ἡ
557 2607 746 2691 καλουμένη
780 2605 917 2689 δευτέρα
952 2606 1121 2691 διάμετρος·

125 2711 180 2776 διὰ
214 2711 251 2778 δὲ
283 2717 382 2781 τοῦτο
415 2715 573 2796 κατῆκται
605 2709 626 2797 ἡ
654 2719 726 2778 ΑΚ
756 2714 962 2796 τεταγμένως
998 2713 1050 2780 ἐπὶ
1075 2732 1122 2793 την

122 2821 197 2882 ΒΛ.
240 2817 295 2882 καὶ
320 2819 498 2903 ἐφάπτεται
521 2815 541 2903 ἡ
566 2825 650 2883 ΑΗ·
692 2817 728 2884 τὸ
753 2816 818 2903 ἄρα
842 2815 907 2884 ὑπὸ
932 2824 1043 2886 ΚΘΗ
1061 2826 1121 2883 ἴσον

72 2935 105 2981 25
125 2918 193 2984 ἐστὶ
216 2925 261 3008 τῷ
286 2919 350 2989 ἀπὸ
374 2930 450 2989 ΒΘ.
492 2928 583 2990 ἔστιν
607 2922 684 3009 ἄρα,
709 2920 795 3008 ὡςὴ
823 2931 886 2989 ΚΘ
909 2928 992 3009 πρὸς
1017 2915 1122 3007 ΘΒ,ἡ

122 3030 185 3089 ΒΘ
208 3026 291 3107 πρὸς
309 3035 386 3095 ΗΘ.
429 3028 501 3096 ἀλλ’
525 3028 569 3108 ὡς
592 3027 612 3115 ἡ
633 3036 699 3096 ΚΘ
722 3028 806 3114 πρὸς
824 3036 897 3111 ΘΒ,
923 3028 942 3112 ἡ
964 3038 1034 3096 ΚΑ
1056 3024 1125 3111 πρὸς

193 3259 217 3306 3.
237 3251 335 3306 λειπόν
355 3255 391 3321 V;
413 3273 480 3310 corr.
501 3277 528 3326 p.
602 3267 626 3314 4.
647 3245 802 3326 προστιθειῖ
820 3258 853 3324 V,
873 3257 1076 3325 προστιθέντος
1088 3271 1126 3318 cv,

123 3341 191 3378 corr.
211 3344 242 3394 p;
263 3324 325 3379 fort.
346 3327 582 3395 προστιθεμένου.
657 3330 764 3383 Deinde
784 3331 838 3383 del.
858 3321 875 3396 ἦ
895 3346 932 3383 m.
955 3337 967 3383 1
988 3329 1021 3384 V.
1093 3331 1126 3378 13·

122 3396 234 3467 σημεῖα]
250 3395 418 3450 delendum?
474 3402 919 3470 19.ΛΘΜ]ΘΛΜΒ;οοεε,ρ,
972 3406 1015 3454 24.
1030 3394 1127 3464 ΚΘΗ]

121 3469 211 3522 ΚΗΘ
230 3466 268 3534 V3
289 3483 358 3524 corr.
378 3467 494 3521 Memus.
568 3477 610 3523 25.
630 3468 702 3543 διιό]
722 3489 775 3526 om.
791 3472 827 3535 V3
848 3487 917 3525 corr.
937 3489 965 3539 p.
