<?xml version="1.0" encoding="UTF-8"?>
<!DOCTYPE html PUBLIC "-//W3C//DTD XHTML 1.0 Transitional//EN"
    "http://www.w3.org/TR/xhtml1/DTD/xhtml1-transitional.dtd">
<html xmlns="http://www.w3.org/1999/xhtml" xml:lang="en" lang="en">
 <head>
  <title>
</title>
<meta http-equiv="Content-Type" content="text/html;charset=utf-8" />
  <meta name='ocr-system' content='tesseract 3.04.00' />
  <meta name='ocr-capabilities' content='ocr_page ocr_carea ocr_par ocr_line ocrx_word'/>
</head>
<body>
  <div class='ocr_page' id='page_1' title='image "./apolloniipergae00apolgoog_0117.png"; bbox 0 0 2438 3892; ppageno 0'>
   <div class='ocr_carea' id='block_1_1' title="bbox 423 125 1116 191">
    <p class='ocr_par' dir='ltr' id='par_1_1' title="bbox 423 125 1116 191">
     <span class='ocr_line' id='line_1_1' title="bbox 423 125 1116 191; baseline 0.004 -15"><span class='ocrx_word' id='word_1_1' title='bbox 423 125 636 179; x_wconf 83' lang='lat' dir='ltr'>CONICORUM</span> <span class='ocrx_word' id='word_1_2' title='bbox 653 126 763 177; x_wconf 70' lang='lat' dir='ltr'>LIBER</span> <span class='ocrx_word' id='word_1_3' title='bbox 780 128 802 178; x_wconf 87' lang='grc' dir='ltr'>Ι,</span> <span class='ocrx_word' id='word_1_4' title='bbox 1075 125 1116 191; x_wconf 88' lang='lat'>81</span> 
     </span>
    </p>
   </div>
   <div class='ocr_carea' id='block_1_2' title="bbox 99 268 1120 761">
    <p class='ocr_par' dir='ltr' id='par_1_2' title="bbox 99 268 1120 761">
     <span class='ocr_line' id='line_1_2' title="bbox 101 268 1118 352; baseline 0.002 -18"><span class='ocrx_word' id='word_1_5' title='bbox 101 268 240 335; x_wconf 78' lang='lat' dir='ltr'>ducatur</span> <span class='ocrx_word' id='word_1_6' title='bbox 262 271 339 333; x_wconf 92' lang='grc' dir='ltr'>ΔΖ.</span> <span class='ocrx_word' id='word_1_7' title='bbox 380 272 447 332; x_wconf 93' lang='grc' dir='ltr'>ΔΖ</span> <span class='ocrx_word' id='word_1_8' title='bbox 470 268 570 352; x_wconf 84' lang='lat' dir='ltr'>igitur</span> <span class='ocrx_word' id='word_1_9' title='bbox 593 268 750 352; x_wconf 85' lang='lat' dir='ltr'>producta</span> <span class='ocrx_word' id='word_1_10' title='bbox 773 290 847 334; x_wconf 90' lang='lat' dir='ltr'>cum</span> <span class='ocrx_word' id='word_1_11' title='bbox 870 270 1028 336; x_wconf 86' lang='lat' dir='ltr'>diametro</span> <span class='ocrx_word' id='word_1_12' title='bbox 1053 292 1118 336; x_wconf 87' lang='lat' dir='ltr'>sec-</span> 
     </span>
     <span class='ocr_line' id='line_1_3' title="bbox 99 373 1120 460; baseline 0.002 -21"><span class='ocrx_word' id='word_1_13' title='bbox 99 373 203 440; x_wconf 86' lang='lat' dir='ltr'>tionis</span> <span class='ocrx_word' id='word_1_14' title='bbox 235 378 403 442; x_wconf 88' lang='lat' dir='ltr'>concurret</span> <span class='ocrx_word' id='word_1_15' title='bbox 431 377 537 460; x_wconf 90' lang='lat' dir='ltr'>[prop.</span> <span class='ocrx_word' id='word_1_16' title='bbox 563 375 686 457; x_wconf 89' lang='grc' dir='ltr'><strong>ΧΧΙΙ].</strong></span> <span class='ocrx_word' id='word_1_17' title='bbox 737 381 908 442; x_wconf 73' lang='lat' dir='ltr'>concurrat</span> <span class='ocrx_word' id='word_1_18' title='bbox 935 378 968 441; x_wconf 92' lang='lat' dir='ltr'>in</span> <span class='ocrx_word' id='word_1_19' title='bbox 996 383 1035 441; x_wconf 90' lang='lat' dir='ltr'>A.</span> <span class='ocrx_word' id='word_1_20' title='bbox 1086 380 1120 441; x_wconf 91' lang='lat' dir='ltr'>et</span> 
     </span>
     <span class='ocr_line' id='line_1_4' title="bbox 100 462 1119 567; baseline 0 -19"><span class='ocrx_word' id='word_1_21' title='bbox 100 483 208 548; x_wconf 87' lang='grc' dir='ltr'>ΓΔΕ</span> <span class='ocrx_word' id='word_1_22' title='bbox 238 481 324 547; x_wconf 87' lang='lat' dir='ltr'>inter</span> <span class='ocrx_word' id='word_1_23' title='bbox 356 462 532 549; x_wconf 74' lang='lat' dir='ltr'>rectionem</span> <span class='ocrx_word' id='word_1_24' title='bbox 565 486 599 548; x_wconf 92' lang='lat' dir='ltr'>et</span> <span class='ocrx_word' id='word_1_25' title='bbox 630 486 751 547; x_wconf 88' lang='lat' dir='ltr'>rectam</span> <span class='ocrx_word' id='word_1_26' title='bbox 785 487 888 547; x_wconf 86' lang='grc' dir='ltr'>ΖΔΑ</span> <span class='ocrx_word' id='word_1_27' title='bbox 919 482 1028 567; x_wconf 86' lang='lat' dir='ltr'>posita</span> <span class='ocrx_word' id='word_1_28' title='bbox 1060 488 1119 548; x_wconf 87' lang='lat' dir='ltr'>est</span> 
     </span>
     <span class='ocr_line' id='line_1_5' title="bbox 101 586 1120 673; baseline 0.003 -21"><span class='ocrx_word' id='word_1_29' title='bbox 101 606 180 672; x_wconf 81' lang='lat' dir='ltr'>ergo</span> <span class='ocrx_word' id='word_1_30' title='bbox 203 586 303 653; x_wconf 86' lang='lat' dir='ltr'>etiam</span> <span class='ocrx_word' id='word_1_31' title='bbox 321 590 426 654; x_wconf 86' lang='grc' dir='ltr'>ΓΔΕ</span> <span class='ocrx_word' id='word_1_32' title='bbox 445 589 604 673; x_wconf 88' lang='lat' dir='ltr'>producta</span> <span class='ocrx_word' id='word_1_33' title='bbox 622 611 694 655; x_wconf 92' lang='lat' dir='ltr'>cum</span> <span class='ocrx_word' id='word_1_34' title='bbox 713 589 872 655; x_wconf 88' lang='lat' dir='ltr'>diametro</span> <span class='ocrx_word' id='word_1_35' title='bbox 891 593 983 655; x_wconf 85' lang='lat' dir='ltr'>extra</span> <span class='ocrx_word' id='word_1_36' title='bbox 1002 589 1120 655; x_wconf 85' lang='lat' dir='ltr'>sectio-</span> 
     </span>
     <span class='ocr_line' id='line_1_6' title="bbox 99 698 377 761; baseline 0.007 -3"><span class='ocrx_word' id='word_1_37' title='bbox 99 714 177 759; x_wconf 85' lang='lat' dir='ltr'>nem</span> <span class='ocrx_word' id='word_1_38' title='bbox 200 698 377 761; x_wconf 75' lang='lat' dir='ltr'>concurret.</span> 
     </span>
    </p>
   </div>
   <div class='ocr_carea' id='block_1_3' title="bbox 559 926 659 992">
    <p class='ocr_par' dir='ltr' id='par_1_3' title="bbox 559 926 659 992">
     <span class='ocr_line' id='line_1_7' title="bbox 559 926 659 992; baseline 0 0"><span class='ocrx_word' id='word_1_39' title='bbox 559 926 659 992; x_wconf 89' lang='lat' dir='ltr'>XXV.</span> 
     </span>
    </p>
   </div>
   <div class='ocr_carea' id='block_1_4' title="bbox 98 1064 1121 2005">
    <p class='ocr_par' dir='ltr' id='par_1_4' title="bbox 98 1064 1117 1367">
     <span class='ocr_line' id='line_1_8' title="bbox 169 1064 1117 1154; baseline 0.001 -22"><span class='ocrx_word' id='word_1_40' title='bbox 169 1064 205 1133; x_wconf 85' lang='lat' dir='ltr'>Si</span> <span class='ocrx_word' id='word_1_41' title='bbox 231 1071 321 1134; x_wconf 90' lang='lat' dir='ltr'>recta</span> <span class='ocrx_word' id='word_1_42' title='bbox 349 1090 422 1134; x_wconf 91' lang='lat' dir='ltr'>cum</span> <span class='ocrx_word' id='word_1_43' title='bbox 450 1069 558 1154; x_wconf 90' lang='lat' dir='ltr'>ellipsi</span> <span class='ocrx_word' id='word_1_44' title='bbox 585 1071 669 1134; x_wconf 89' lang='lat' dir='ltr'>inter</span> <span class='ocrx_word' id='word_1_45' title='bbox 697 1070 808 1135; x_wconf 84' lang='lat' dir='ltr'>ambas</span> <span class='ocrx_word' id='word_1_46' title='bbox 838 1069 1011 1134; x_wconf 80' lang='lat' dir='ltr'>diametros</span> <span class='ocrx_word' id='word_1_47' title='bbox 1041 1091 1117 1134; x_wconf 89' lang='lat' dir='ltr'>con-</span> 
     </span>
     <span class='ocr_line' id='line_1_9' title="bbox 100 1174 1117 1261; baseline 0 -21"><span class='ocrx_word' id='word_1_48' title='bbox 100 1195 235 1240; x_wconf 83' lang='lat' dir='ltr'>currens</span> <span class='ocrx_word' id='word_1_49' title='bbox 258 1174 293 1238; x_wconf 90' lang='lat' dir='ltr'>in</span> <span class='ocrx_word' id='word_1_50' title='bbox 316 1178 483 1254; x_wconf 88' lang='lat' dir='ltr'>utramque</span> <span class='ocrx_word' id='word_1_51' title='bbox 506 1181 633 1260; x_wconf 91' lang='lat' dir='ltr'>partem</span> <span class='ocrx_word' id='word_1_52' title='bbox 655 1176 812 1261; x_wconf 87' lang='lat' dir='ltr'>producta</span> <span class='ocrx_word' id='word_1_53' title='bbox 831 1180 922 1241; x_wconf 86' lang='lat' dir='ltr'>extra</span> <span class='ocrx_word' id='word_1_54' title='bbox 940 1176 1117 1242; x_wconf 84' lang='lat' dir='ltr'>sectionem</span> 
     </span>
     <span class='ocr_line' id='line_1_10' title="bbox 98 1280 838 1367; baseline -0.001 -20"><span class='ocrx_word' id='word_1_55' title='bbox 98 1280 202 1365; x_wconf 87' lang='lat' dir='ltr'>cadit,</span> <span class='ocrx_word' id='word_1_56' title='bbox 225 1302 299 1346; x_wconf 91' lang='lat' dir='ltr'>cum</span> <span class='ocrx_word' id='word_1_57' title='bbox 321 1286 458 1367; x_wconf 87' lang='lat' dir='ltr'>utraque</span> <span class='ocrx_word' id='word_1_58' title='bbox 482 1282 638 1347; x_wconf 86' lang='lat' dir='ltr'>diametro</span> <span class='ocrx_word' id='word_1_59' title='bbox 662 1286 838 1347; x_wconf 75' lang='lat' dir='ltr'>concurret.</span> 
     </span>
    </p>

    <p class='ocr_par' dir='ltr' id='par_1_5' title="bbox 99 1388 1121 1900">
     <span class='ocr_line' id='line_1_11' title="bbox 144 1388 1116 1475; baseline 0 -22"><span class='ocrx_word' id='word_1_60' title='bbox 144 1388 214 1454; x_wconf 86' lang='lat' dir='ltr'>&#39;ait</span> <span class='ocrx_word' id='word_1_61' title='bbox 237 1389 374 1475; x_wconf 83' lang='lat' dir='ltr'>ellipsis,</span> <span class='ocrx_word' id='word_1_62' title='bbox 402 1390 492 1455; x_wconf 90' lang='lat' dir='ltr'>cuius</span> <span class='ocrx_word' id='word_1_63' title='bbox 517 1389 667 1453; x_wconf 83' lang='lat' dir='ltr'>diametri</span> <span class='ocrx_word' id='word_1_64' title='bbox 691 1389 757 1452; x_wconf 89' lang='lat' dir='ltr'>sint</span> <span class='ocrx_word' id='word_1_65' title='bbox 780 1393 859 1471; x_wconf 89' lang='lat' dir='ltr'>AB,</span> <span class='ocrx_word' id='word_1_66' title='bbox 883 1390 915 1452; x_wconf 92' lang='grc' dir='ltr'>Γ</span> <span class='ocrx_word' id='word_1_67' title='bbox 916 1394 962 1472; x_wconf 84' lang='grc' dir='ltr'>Δ,</span> <span class='ocrx_word' id='word_1_68' title='bbox 988 1392 1116 1453; x_wconf 88' lang='lat' dir='ltr'>etcum</span> 
     </span>
     <span class='ocr_line' id='line_1_12' title="bbox 99 1495 1121 1562; baseline -0.002 -2"><span class='ocrx_word' id='word_1_69' title='bbox 99 1515 140 1561; x_wconf 85' lang='lat' dir='ltr'>ea</span> <span class='ocrx_word' id='word_1_70' title='bbox 166 1497 256 1560; x_wconf 84' lang='lat' dir='ltr'>recta</span> <span class='ocrx_word' id='word_1_71' title='bbox 280 1500 341 1560; x_wconf 88' lang='grc' dir='ltr'>ΕΖ</span> <span class='ocrx_word' id='word_1_72' title='bbox 369 1496 455 1562; x_wconf 90' lang='lat' dir='ltr'>inter</span> <span class='ocrx_word' id='word_1_73' title='bbox 482 1498 594 1562; x_wconf 87' lang='lat' dir='ltr'>ambas</span> <span class='ocrx_word' id='word_1_74' title='bbox 625 1496 800 1560; x_wconf 86' lang='lat' dir='ltr'>diametros</span> <span class='ocrx_word' id='word_1_75' title='bbox 829 1498 1000 1560; x_wconf 87' lang='lat' dir='ltr'>concurrat</span> <span class='ocrx_word' id='word_1_76' title='bbox 1026 1495 1059 1559; x_wconf 91' lang='lat' dir='ltr'>in</span> <span class='ocrx_word' id='word_1_77' title='bbox 1082 1498 1121 1558; x_wconf 90' lang='lat' dir='ltr'><em>H</em></span> 
     </span>
     <span class='ocr_line' id='line_1_13' title="bbox 555 1603 1117 1687; baseline -0.005 -20"><span class='ocrx_word' id='word_1_78' title='bbox 555 1607 587 1668; x_wconf 91' lang='lat' dir='ltr'>et</span> <span class='ocrx_word' id='word_1_79' title='bbox 619 1603 653 1667; x_wconf 92' lang='lat' dir='ltr'>in</span> <span class='ocrx_word' id='word_1_80' title='bbox 685 1605 856 1686; x_wconf 86' lang='lat' dir='ltr'>utramque</span> <span class='ocrx_word' id='word_1_81' title='bbox 887 1606 1015 1687; x_wconf 89' lang='lat' dir='ltr'>partem</span> <span class='ocrx_word' id='word_1_82' title='bbox 1042 1622 1117 1685; x_wconf 93' lang='lat' dir='ltr'>pro-</span> 
     </span>
     <span class='ocr_line' id='line_1_14' title="bbox 554 1707 1116 1774; baseline -0.004 -1"><span class='ocrx_word' id='word_1_83' title='bbox 554 1710 650 1774; x_wconf 86' lang='lat' dir='ltr'>ducta</span> <span class='ocrx_word' id='word_1_84' title='bbox 682 1714 774 1773; x_wconf 87' lang='lat' dir='ltr'>extra</span> <span class='ocrx_word' id='word_1_85' title='bbox 805 1708 980 1773; x_wconf 84' lang='lat' dir='ltr'>sectionem</span> <span class='ocrx_word' id='word_1_86' title='bbox 1013 1707 1116 1771; x_wconf 89' lang='lat' dir='ltr'>cadat.</span> 
     </span>
     <span class='ocr_line' id='line_1_15' title="bbox 554 1815 1115 1900; baseline -0.002 -21"><span class='ocrx_word' id='word_1_87' title='bbox 554 1815 640 1897; x_wconf 88' lang='lat' dir='ltr'>dico,</span> <span class='ocrx_word' id='word_1_88' title='bbox 677 1818 739 1880; x_wconf 88' lang='grc' dir='ltr'>ΕΖ</span> <span class='ocrx_word' id='word_1_89' title='bbox 772 1837 844 1880; x_wconf 89' lang='lat' dir='ltr'>cum</span> <span class='ocrx_word' id='word_1_90' title='bbox 881 1818 1017 1900; x_wconf 88' lang='lat' dir='ltr'>utraque</span> <span class='ocrx_word' id='word_1_91' title='bbox 1049 1815 1115 1879; x_wconf 87' lang='lat' dir='ltr'>dia-</span> 
     </span>
    </p>

    <p class='ocr_par' dir='ltr' id='par_1_6' title="bbox 486 1924 1061 2005">
     <span class='ocr_line' id='line_1_16' title="bbox 486 1924 1061 2005; baseline 0.002 -20"><span class='ocrx_word' id='word_1_92' title='bbox 486 1964 499 2005; x_wconf 63' lang='lat'>,›</span> <span class='ocrx_word' id='word_1_93' title='bbox 553 1924 657 1987; x_wconf 88' lang='lat' dir='ltr'>metro</span> <span class='ocrx_word' id='word_1_94' title='bbox 681 1926 755 2005; x_wconf 84' lang='lat' dir='ltr'>AB,</span> <span class='ocrx_word' id='word_1_95' title='bbox 774 1924 841 1986; x_wconf 92' lang='grc' dir='ltr'>ΓΔ</span> <span class='ocrx_word' id='word_1_96' title='bbox 863 1943 1061 1987; x_wconf 90' lang='lat' dir='ltr'>concurrere.</span> 
     </span>
    </p>
   </div>
   <div class='ocr_carea' id='block_1_5' title="bbox 96 2028 1115 2633">
    <p class='ocr_par' dir='ltr' id='par_1_7' title="bbox 620 2028 1115 2109">
     <span class='ocr_line' id='line_1_17' title="bbox 620 2028 1115 2109; baseline -0.004 -16"><span class='ocrx_word' id='word_1_97' title='bbox 620 2028 662 2093; x_wconf 87' lang='lat' dir='ltr'>ab</span> <span class='ocrx_word' id='word_1_98' title='bbox 691 2032 731 2091; x_wconf 90' lang='lat' dir='ltr'>H</span> <span class='ocrx_word' id='word_1_99' title='bbox 758 2028 797 2092; x_wconf 89' lang='lat' dir='ltr'>ad</span> <span class='ocrx_word' id='word_1_100' title='bbox 829 2033 908 2109; x_wconf 88' lang='lat' dir='ltr'>AB,</span> <span class='ocrx_word' id='word_1_101' title='bbox 932 2031 998 2093; x_wconf 89' lang='grc' dir='ltr'>ΓΛ</span> <span class='ocrx_word' id='word_1_102' title='bbox 1030 2028 1115 2093; x_wconf 89' lang='lat' dir='ltr'>ordi-</span> 
     </span>
    </p>

    <p class='ocr_par' dir='ltr' id='par_1_8' title="bbox 553 2135 1115 2220">
     <span class='ocr_line' id='line_1_18' title="bbox 553 2135 1115 2220; baseline 0 -21"><span class='ocrx_word' id='word_1_103' title='bbox 553 2137 629 2199; x_wconf 87' lang='lat' dir='ltr'>nate</span> <span class='ocrx_word' id='word_1_104' title='bbox 645 2135 802 2200; x_wconf 89' lang='lat' dir='ltr'>ducantur</span> <span class='ocrx_word' id='word_1_105' title='bbox 816 2139 855 2198; x_wconf 90' lang='grc' dir='ltr'><strong><em>Η</em></strong></span> <span class='ocrx_word' id='word_1_106' title='bbox 856 2139 893 2219; x_wconf 80' lang='grc' dir='ltr'>Θ,</span> <span class='ocrx_word' id='word_1_107' title='bbox 907 2139 942 2199; x_wconf 90' lang='grc' dir='ltr'><em>Η</em></span> <span class='ocrx_word' id='word_1_108' title='bbox 946 2138 986 2201; x_wconf 88' lang='lat' dir='ltr'>K.</span> <span class='ocrx_word' id='word_1_109' title='bbox 1015 2157 1115 2220; x_wconf 89' lang='lat' dir='ltr'>quon-</span> 
     </span>
    </p>

    <p class='ocr_par' dir='ltr' id='par_1_9' title="bbox 417 2219 1115 2325">
     <span class='ocr_line' id='line_1_19' title="bbox 417 2219 1115 2325; baseline 0 -20"><span class='ocrx_word' id='word_1_110' title='bbox 417 2219 423 2233; x_wconf 40' lang='lat'><strong>·</strong></span> <span class='ocrx_word' id='word_1_111' title='bbox 553 2243 620 2306; x_wconf 85' lang='lat' dir='ltr'>iam</span> <span class='ocrx_word' id='word_1_112' title='bbox 643 2243 718 2305; x_wconf 89' lang='lat' dir='ltr'>HK</span> <span class='ocrx_word' id='word_1_113' title='bbox 742 2245 848 2306; x_wconf 89' lang='lat' dir='ltr'>rectae</span> <span class='ocrx_word' id='word_1_114' title='bbox 869 2245 934 2305; x_wconf 85' lang='lat' dir='ltr'>AB</span> <span class='ocrx_word' id='word_1_115' title='bbox 958 2241 1115 2325; x_wconf 87' lang='lat' dir='ltr'>parallela</span> 
     </span>
    </p>

    <p class='ocr_par' dir='ltr' id='par_1_10' title="bbox 98 2347 1113 2439">
     <span class='ocr_line' id='line_1_20' title="bbox 98 2347 1113 2439; baseline -0.009 -21"><span class='ocrx_word' id='word_1_116' title='bbox 98 2355 168 2439; x_wconf 80' lang='lat' dir='ltr'>eet,</span> <span class='ocrx_word' id='word_1_117' title='bbox 199 2354 234 2416; x_wconf 92' lang='lat' dir='ltr'>et</span> <span class='ocrx_word' id='word_1_118' title='bbox 260 2354 348 2414; x_wconf 88' lang='lat' dir='ltr'>recta</span> <span class='ocrx_word' id='word_1_119' title='bbox 376 2350 486 2434; x_wconf 88' lang='lat' dir='ltr'>aliqua</span> <span class='ocrx_word' id='word_1_120' title='bbox 509 2353 576 2413; x_wconf 89' lang='grc' dir='ltr'>ΗΖ</span> <span class='ocrx_word' id='word_1_121' title='bbox 604 2370 678 2414; x_wconf 90' lang='lat' dir='ltr'>cum</span> <span class='ocrx_word' id='word_1_122' title='bbox 705 2350 780 2411; x_wconf 90' lang='lat' dir='ltr'>HK</span> <span class='ocrx_word' id='word_1_123' title='bbox 809 2347 985 2430; x_wconf 87' lang='lat' dir='ltr'>concurrit,</span> <span class='ocrx_word' id='word_1_124' title='bbox 1016 2347 1113 2410; x_wconf 88' lang='lat' dir='ltr'>etiam</span> 
     </span>
    </p>

    <p class='ocr_par' dir='ltr' id='par_1_11' title="bbox 96 2453 1114 2633">
     <span class='ocr_line' id='line_1_21' title="bbox 96 2453 1114 2525; baseline -0.01 0"><span class='ocrx_word' id='word_1_125' title='bbox 96 2480 173 2525; x_wconf 89' lang='lat' dir='ltr'>cum</span> <span class='ocrx_word' id='word_1_126' title='bbox 201 2461 268 2524; x_wconf 92' lang='lat' dir='ltr'>AB</span> <span class='ocrx_word' id='word_1_127' title='bbox 300 2461 476 2522; x_wconf 88' lang='lat' dir='ltr'>concurret.</span> <span class='ocrx_word' id='word_1_128' title='bbox 531 2460 564 2520; x_wconf 94' lang='lat' dir='ltr'>et</span> <span class='ocrx_word' id='word_1_129' title='bbox 596 2455 707 2521; x_wconf 89' lang='lat' dir='ltr'>eadem</span> <span class='ocrx_word' id='word_1_130' title='bbox 739 2455 778 2518; x_wconf 92' lang='lat' dir='ltr'>de</span> <span class='ocrx_word' id='word_1_131' title='bbox 807 2476 903 2518; x_wconf 86' lang='lat' dir='ltr'>causa</span> <span class='ocrx_word' id='word_1_132' title='bbox 931 2453 1029 2517; x_wconf 88' lang='lat' dir='ltr'>etiam</span> <span class='ocrx_word' id='word_1_133' title='bbox 1052 2456 1114 2516; x_wconf 95' lang='grc' dir='ltr'>ΕΖ</span> 
     </span>
     <span class='ocr_line' id='line_1_22' title="bbox 97 2566 466 2633; baseline -0.014 -1"><span class='ocrx_word' id='word_1_134' title='bbox 97 2588 172 2633; x_wconf 88' lang='lat' dir='ltr'>cum</span> <span class='ocrx_word' id='word_1_135' title='bbox 196 2567 265 2630; x_wconf 90' lang='grc' dir='ltr'>ΓΔ</span> <span class='ocrx_word' id='word_1_136' title='bbox 289 2566 466 2629; x_wconf 85' lang='lat' dir='ltr'>concurret.</span> 
     </span>
    </p>
   </div>
   <div class='ocr_carea' id='block_1_6' title="bbox 547 2749 681 2857">
    <p class='ocr_par' dir='ltr' id='par_1_12' title="bbox 547 2749 681 2857">
     <span class='ocr_line' id='line_1_23' title="bbox 547 2749 681 2857; baseline -0.015 0"><span class='ocrx_word' id='word_1_137' title='bbox 547 2749 681 2857; x_wconf 63' lang='lat' dir='ltr'>xxvrs</span> 
     </span>
    </p>
   </div>
   <div class='ocr_carea' id='block_1_7' title="bbox 96 2934 1113 3448">
    <p class='ocr_par' dir='ltr' id='par_1_13' title="bbox 96 2934 1111 3217">
     <span class='ocr_line' id='line_1_24' title="bbox 164 2934 1111 3020; baseline 0.001 -20"><span class='ocrx_word' id='word_1_138' title='bbox 164 2934 201 3001; x_wconf 80' lang='lat' dir='ltr'>si</span> <span class='ocrx_word' id='word_1_139' title='bbox 229 2934 264 2999; x_wconf 90' lang='lat' dir='ltr'>in</span> <span class='ocrx_word' id='word_1_140' title='bbox 290 2935 446 3019; x_wconf 86' lang='lat' dir='ltr'>parabola</span> <span class='ocrx_word' id='word_1_141' title='bbox 474 2936 526 3000; x_wconf 91' lang='lat' dir='ltr'>uel</span> <span class='ocrx_word' id='word_1_142' title='bbox 549 2934 729 3020; x_wconf 81' lang='lat' dir='ltr'>hyperbole</span> <span class='ocrx_word' id='word_1_143' title='bbox 751 2937 840 2999; x_wconf 89' lang='lat' dir='ltr'>recta</span> <span class='ocrx_word' id='word_1_144' title='bbox 863 2935 1020 3000; x_wconf 88' lang='lat' dir='ltr'>diametro</span> <span class='ocrx_word' id='word_1_145' title='bbox 1045 2957 1111 3002; x_wconf 88' lang='lat' dir='ltr'>sec-</span> 
     </span>
     <span class='ocr_line' id='line_1_25' title="bbox 96 3032 1111 3126; baseline -0.001 -17"><span class='ocrx_word' id='word_1_146' title='bbox 96 3042 197 3109; x_wconf 88' lang='lat' dir='ltr'>tionis</span> <span class='ocrx_word' id='word_1_147' title='bbox 225 3042 381 3126; x_wconf 80' lang='lat' dir='ltr'>parallelo</span> <span class='ocrx_word' id='word_1_148' title='bbox 408 3042 551 3123; x_wconf 89' lang='lat' dir='ltr'>ducitur,</span> <span class='ocrx_word' id='word_1_149' title='bbox 579 3064 652 3107; x_wconf 92' lang='lat' dir='ltr'>cum</span> <span class='ocrx_word' id='word_1_150' title='bbox 681 3042 821 3106; x_wconf 88' lang='lat' dir='ltr'>sectione</span> <span class='ocrx_word' id='word_1_151' title='bbox 844 3042 878 3106; x_wconf 91' lang='lat' dir='ltr'>in</span> <span class='ocrx_word' id='word_1_152' title='bbox 902 3064 967 3107; x_wconf 90' lang='lat' dir='ltr'>uno</span> <span class='ocrx_word' id='word_1_153' title='bbox 981 3032 1111 3126; x_wconf 57' lang='lat' dir='ltr'>&#39;puncto</span> 
     </span>
     <span class='ocr_line' id='line_1_26' title="bbox 98 3150 369 3217; baseline -0.007 -1"><span class='ocrx_word' id='word_1_154' title='bbox 98 3150 169 3217; x_wconf 84' lang='lat' dir='ltr'>solo</span> <span class='ocrx_word' id='word_1_155' title='bbox 191 3152 369 3215; x_wconf 89' lang='lat' dir='ltr'>concurret.</span> 
     </span>
    </p>

    <p class='ocr_par' dir='ltr' id='par_1_14' title="bbox 97 3256 1113 3448">
     <span class='ocr_line' id='line_1_27' title="bbox 164 3256 1112 3341; baseline -0.004 -19"><span class='ocrx_word' id='word_1_156' title='bbox 164 3256 209 3323; x_wconf 83' lang='lat' dir='ltr'>ait</span> <span class='ocrx_word' id='word_1_157' title='bbox 229 3256 322 3341; x_wconf 88' lang='lat' dir='ltr'>prius</span> <span class='ocrx_word' id='word_1_158' title='bbox 340 3257 506 3340; x_wconf 87' lang='lat' dir='ltr'>parabola,</span> <span class='ocrx_word' id='word_1_159' title='bbox 530 3256 619 3321; x_wconf 89' lang='lat' dir='ltr'>cuius</span> <span class='ocrx_word' id='word_1_160' title='bbox 639 3256 814 3321; x_wconf 89' lang='lat' dir='ltr'>diametrus</span> <span class='ocrx_word' id='word_1_161' title='bbox 834 3256 878 3321; x_wconf 91' lang='lat' dir='ltr'>sit</span> <span class='ocrx_word' id='word_1_162' title='bbox 895 3258 1003 3341; x_wconf 81' lang='grc' dir='ltr'><strong><em>ΑΒΓ,</em></strong></span> <span class='ocrx_word' id='word_1_163' title='bbox 1025 3257 1112 3320; x_wconf 87' lang='lat' dir='ltr'>latus</span> 
     </span>
     <span class='ocr_line' id='line_1_28' title="bbox 97 3362 1113 3448; baseline -0.003 -19"><span class='ocrx_word' id='word_1_164' title='bbox 97 3368 207 3431; x_wconf 85' lang='lat' dir='ltr'>autern</span> <span class='ocrx_word' id='word_1_165' title='bbox 225 3365 350 3428; x_wconf 85' lang='lat' dir='ltr'>rectum</span> <span class='ocrx_word' id='word_1_166' title='bbox 364 3368 398 3428; x_wconf 90' lang='lat' dir='ltr'><em>A</em></span> <span class='ocrx_word' id='word_1_167' title='bbox 404 3369 445 3448; x_wconf 82' lang='lat' dir='ltr'>A,</span> <span class='ocrx_word' id='word_1_168' title='bbox 464 3367 497 3428; x_wconf 94' lang='lat' dir='ltr'>et</span> <span class='ocrx_word' id='word_1_169' title='bbox 514 3367 621 3428; x_wconf 88' lang='lat' dir='ltr'>rectae</span> <span class='ocrx_word' id='word_1_170' title='bbox 636 3368 701 3428; x_wconf 88' lang='lat' dir='ltr'>AB</span> <span class='ocrx_word' id='word_1_171' title='bbox 717 3363 876 3447; x_wconf 78' lang='lat' dir='ltr'>parallelo</span> <span class='ocrx_word' id='word_1_172' title='bbox 891 3362 1027 3427; x_wconf 87' lang='lat' dir='ltr'>ducatur</span> <span class='ocrx_word' id='word_1_173' title='bbox 1041 3364 1113 3426; x_wconf 90' lang='grc' dir='ltr'>ΕΖ.</span> 
     </span>
    </p>
   </div>
   <div class='ocr_carea' id='block_1_8' title="bbox 98 3468 970 3636">
    <p class='ocr_par' dir='ltr' id='par_1_15' title="bbox 98 3468 970 3636">
     <span class='ocr_line' id='line_1_29' title="bbox 98 3468 970 3556; baseline -0.003 -21"><span class='ocrx_word' id='word_1_174' title='bbox 98 3468 186 3556; x_wconf 88' lang='lat' dir='ltr'>dico,</span> <span class='ocrx_word' id='word_1_175' title='bbox 208 3472 271 3535; x_wconf 88' lang='grc' dir='ltr'>ΕΖ</span> <span class='ocrx_word' id='word_1_176' title='bbox 294 3469 486 3556; x_wconf 88' lang='lat' dir='ltr'>productam</span> <span class='ocrx_word' id='word_1_177' title='bbox 510 3491 581 3535; x_wconf 92' lang='lat' dir='ltr'>cum</span> <span class='ocrx_word' id='word_1_178' title='bbox 607 3471 749 3536; x_wconf 88' lang='lat' dir='ltr'>sectione</span> <span class='ocrx_word' id='word_1_179' title='bbox 772 3490 970 3534; x_wconf 89' lang='lat' dir='ltr'>concurrere.</span> 
     </span>
     <span class='ocr_line' id='line_1_30' title="bbox 151 3578 952 3636; baseline -0.001 -11"><span class='ocrx_word' id='word_1_180' title='bbox 151 3582 346 3636; x_wconf 75' lang='lat' dir='ltr'>Apollonius,</span> <span class='ocrx_word' id='word_1_181' title='bbox 364 3585 399 3625; x_wconf 87' lang='lat' dir='ltr'>ed.</span> <span class='ocrx_word' id='word_1_182' title='bbox 413 3585 521 3635; x_wconf 78' lang='lat' dir='ltr'>Hoiberg.</span> <span class='ocrx_word' id='word_1_183' title='bbox 937 3578 952 3624; x_wconf 88' lang='lat'><strong>6</strong></span> 
     </span>
    </p>
   </div>
   <div class='ocr_carea' id='block_1_9' title="bbox 0 0 1224 3892">
    <p class='ocr_par' dir='ltr' id='par_1_16' title="bbox 0 0 1224 3892">
     <span class='ocr_line' id='line_1_31' title="bbox 0 0 1224 3892; baseline 0 0"><span class='ocrx_word' id='word_1_184' title='bbox 0 0 1224 3892; x_wconf 95' lang='lat' dir='ltr'> </span> 
     </span>
    </p>
   </div>
  </div>
 </body>
</html>
