2438 3892
167 139 231 205 238
563 128 731 198 mm
749 138 788 211 μ’.

167 285 339 372 εἰρημέναι
362 290 482 371 γωνίαι
505 284 570 354 δύο
594 282 712 373 ὀρθῶν
735 283 928 370 έλάσσονες,
953 287 992 352 αί
1012 291 1089 371 ΕΖ,
1110 290 1165 352 ΗΘ

166 393 405 480 ἐκβαλλόμεναι
438 395 686 480 συμπεσοῦνται
717 389 876 478 ἀλλήλαις
909 389 1002 471 ἐκτὸς
1034 391 1096 478 μὲν
1119 395 1165 477 τής

167 509 283 586 τομῆς,
308 498 402 580 ἐντὸς
426 498 463 567 δὲ
485 502 543 586 τής
565 495 631 567 ὑπὸ
651 505 755 567 ΒΑΓ
773 504 906 584 γωνίας.

235 603 357 692 ὁμοίως
372 604 414 692 δή
429 607 590 691 δείξομεν,
603 599 668 672 κάν
683 603 909 691 ἐφαπτόμεναι
919 596 982 673 ἀσι
991 607 1060 673 τῶν
1069 607 1166 692 τομάν

131 714 204 779 δαί
225 719 301 798 ΕΖ,
324 718 401 779 ΗΘ.

640 834 703 907 ις’.

230 958 308 1028 Ἐὰν
332 963 369 1029 ἐν
392 962 535 1041 ἐλλείψει
558 956 579 1047 ή
601 961 729 1028 κύκλου
751 965 945 1050 περιφερείᾳ
965 959 1029 1029 δύο
1050 959 1167 1031 εὐθεῖαι

167 1070 331 1157 τέμνωσιν
354 1064 499 1153 ἀλλήλας
522 1065 566 1155 μή
592 1066 648 1135 διὰ
670 1077 731 1135 τοῦ
749 1068 890 1156 κέντρου
911 1059 1022 1154 οὖσαι,
1047 1065 1088 1138 οά
1104 1069 1167 1156 τέμ

166 1196 286 1245 νουσιν
310 1171 455 1260 ἀλλήλας
479 1177 564 1260 δίχα.

114 1293 147 1343 10
232 1285 263 1350 εί
284 1279 348 1369 γὰρ
373 1281 536 1367 δυνατόν,
565 1282 601 1348 ἐν
625 1282 767 1361 ἐλλείψει
790 1277 811 1368 ἢ
834 1282 962 1350 αόκλου
984 1286 1167 1372 περιφερείᾳ

165 1389 228 1458 δύο
257 1388 388 1457 εὐθεῖαι
416 1391 453 1455 αί
473 1393 553 1473 ΓΔ,
581 1393 644 1454 ΕΖ
671 1386 716 1474 μή
746 1385 802 1454 διὰ
830 1391 891 1456 τοῦ
913 1389 1058 1475 κέντρου
1081 1381 1167 1458 οὖσαι

163 1497 373 1584 τεμνέτωσαν
401 1494 545 1581 ἀλλήλας
572 1498 647 1581 δίχα
673 1491 756 1561 κατὰ
784 1492 822 1562 τὸ
845 1502 894 1581 Η,
922 1496 978 1563 καὶ
1002 1501 1086 1566 ἐστω
1107 1498 1167 1565 μέν·

164 1629 245 1690 τρον
271 1606 332 1690 τής
358 1606 460 1689 τομής
488 1600 525 1670 τὸ
550 1609 592 1688 Θ,
620 1600 676 1668 καὶ
700 1602 929 1688 ἐπιζευχθεῖσα
951 1599 972 1689 ή
997 1610 1067 1670 ΗΘ
1090 1605 1167 1689 έκβε

164 1708 303 1796 βλήσθω
327 1709 380 1776 ἐπὶ
402 1706 441 1776 τά
465 1718 512 1793 A,
535 1715 573 1775 Β.

111 1832 145 1882 15
232 1815 301 1883 ἐπεὶ
333 1808 397 1883 οὖν
429 1813 606 1901 ὃιάμετρός
637 1816 727 1883 ἐστιν
759 1810 780 1901 ἡ
814 1821 879 1881 ΑΒ
910 1813 973 1902 τήν
1007 1823 1070 1884 ΕΖ
1102 1821 1168 1905 δίχα

165 1923 345 2010 τέμνουσα,
375 1918 395 2007 ή
419 1920 486 2007 ἀρα
508 1916 591 1987 κατά
615 1919 652 1989 τὸ
676 1930 709 1988 A
732 1922 943 2008 ἐφαπτομένη
966 1922 1168 2012 παράλληλός

163 2030 232 2096 ἐστι
258 2031 298 2117 τή
327 2034 398 2095 ΕΖ.
449 2023 573 2112 ὁμοίως
601 2025 643 2114 δή
671 2029 837 2114 ὃειῖομεν,
871 2026 922 2097 ότι
950 2029 1007 2097 καὶ
1034 2035 1077 2120 τῇ
1103 2037 1167 2100 ΓΔ.

164 2131 247 2203 ὥστε
270 2134 325 2201 καὶ
348 2131 369 2221 ή
393 2141 455 2202 ΕΖ
479 2133 691 2221 παράλληλός
713 2137 781 2203 ἐστι
804 2138 844 2224 τή
868 2141 946 2202 ΓΛ·
993 2134 1076 2225 ὅπερ
1101 2135 1167 2207 ddi»

163 2267 275 2309 νατον.
314 2239 375 2310 οὐκ
398 2240 463 2330 ἀρα
487 2245 524 2308 αί
541 2248 621 2327 ΓΔ,
640 2248 702 2308 ΕΖ
726 2246 803 2328 δίχα
821 2243 1002 2330 τέμνουσιν
1022 2241 1167 2334 ἀλλήλας.

110 2491 144 2542 νο
642 2453 701 2536 κζ’·

227 2581 305 2650 Ἐὰν
333 2575 551 2663 ἐλλείψεως’“
531 2607 551 2666 η
575 2580 701 2648 κύκλου
723 2585 934 2668 περιφερείας
958 2580 1022 2649 δύο
1046 2580 1165 2651 εὐθεῖαι
1209 2616 1211 2621 ·

163 2689 386 2775 ἐπιψαύωσιν,
414 2687 474 2756 ἐάν
501 2684 607 2775 μέν’
591 2714 611 2773 η
639 2685 697 2767 τάς
722 2685 811 2774 ἁφὰς
835 2689 886 2754 ἐπι
890 2688 1097 2774 ζευμνόουσα
1120 2686 1164 2757 δια
1208 2698 1211 2901 ή

162 2799 223 2861 τοῦ
259 2798 400 2879 κέντρου
436 2799 494 2882 τής
530 2798 631 2883 τομής
663 2786 699 2882 ᾖ,
735 2793 942 2881 παράλληλοι
974 2799 1109 2865 ἔσονται
1137 2794 1166 2861 αλ

163 2899 403 2988 ἐφαπτόμεναι,
432 2900 490 2969 έάν
520 2900 557 2969 δε
585 2901 646 2989 μή,
674 2904 920 2988 συμπεσοῦνται
949 2900 1062 2969 ἐπὶ
1026 2930 1066 2970 τα
1091 2898 1162 2971 αότά

109 3021 142 3069 ‘25
162 3005 244 3092 μέρη
267 3010 328 3073 τοῦ
350 3009 499 3095 κέ.ντρου

229 3117 311 3179 έστω
344 3114 540 3195 ἔλλειψις
519 3142 540 3200 ή
574 3113 698 3184 κύκλου
729 3115 922 3201 περιφέρεια
956 3115 977 3202 ή
1007 3123 1088 3203 ΑΒ,
1119 3111 1163 3182 καί

162 3219 426 3306 ἐφαπτέσθωσαν
451 3219 554 3307 αὐτῆς
577 3225 614 3289 αί
635 3227 753 3308 ΓΑΔ,
772 3229 884 3308 ΕΒΖ,
907 3223 962 3289 καί
987 3222 1172 3312 ἐπεζεύχθω·

233 3439 257 3490 4.
277 3428 345 3503 κάν]
364 3434 416 3485 καί
432 3433 469 3500 V;
494 3449 564 3489 corr.
582 3453 610 3503 p.
699 3442 741 3492 14.
761 3433 807 3506 τά]
827 3432 859 3490 τό
878 3436 916 3501 V;
941 3453 1009 3490 corr.
1029 3454 1055 3507 p.
1128 3437 1163 3487 19.

163 3504 239 3576 δίχα]
260 3522 313 3561 om.
334 3503 370 3571 V;
390 3520 458 3560 corr.
478 3521 505 3572 p.
578 3512 621 3560 27.
642 3507 732 3577 ΕΒΖ]
753 3511 832 3562 ΒΕΖ
850 3507 888 3575 V3
908 3524 977 3563 corr.
996 3526 1024 3577 p.
