2438 3892
129 162 195 226 242
527 165 695 217 Κωατκοα
714 161 752 237 μ’.

128 301 149 391 ἡ
175 310 252 372 ΗΘ.
295 302 420 392 ὁμοίως
443 305 485 392 δὴ
509 308 673 392 δείξομεν,
698 303 749 374 ὅτι
773 303 854 374 οὐδὲ
877 305 963 394 ἄλλη
987 335 1037 388 τις
1058 307 1138 394 πλην

128 415 188 497 τῆς
211 418 284 479 ΕΖ.
330 408 351 498 ἡ
376 418 442 478 ΕΖ
466 411 532 499 ἄρα
556 410 733 499 διάμετρος
756 417 847 484 ἔσται
869 416 930 500 τῆς
952 419 1065 501 τομῆς.

604 675 672 744 κθ’.

193 820 273 888 Ἐὰν
305 822 343 886 ἐν
374 818 487 887 κώνου
518 823 602 907 τομῇ
640 818 661 904 ἢ
692 818 819 888 κύκλον
850 828 1048 912 περιφερείᾳ
1083 820 1139 890 δύο

94 925 260 999 σεύθεῖαι
284 925 509 1014 ἐφαπτόμεναι
538 931 784 1013 σνμπίπτωσιν,
813 924 877 994 ἀπὸ
905 937 965 1013 τῆς
994 927 1138 1014 συμπτω-

129 1053 213 1114 σεως
240 1031 352 1101 αὐτῶν
385 1033 438 1099 ἐπὶ
465 1030 527 1118 τὴν
556 1036 751 1118 διχοτομίαν
781 1036 840 1120 τῆς
866 1029 926 1113 τὰς
958 1027 1051 1121 ἁφὰς
1081 1037 1138 1103 ἐπι-

129 1139 355 1226 ζενχννούσης
373 1138 521 1226 οἰχομένη
541 1136 658 1206 εὐθεῖα
678 1137 854 1226 διάμετρός
873 1141 943 1208 ἐστι
960 1145 1022 1227 τῆς
1034 1144 1136 1229 τομῆς.

195 1246 287 1314 ἔστω
310 1245 424 1314 αωνον
455 1244 540 1332 τομὴ
572 1241 593 1330 ἢ
625 1244 752 1312 κύκλον
778 1248 991 1335 περιφέρεια,
1023 1238 1063 1333 ἧς
1089 1249 1136 1334 ἐφ-

128 1355 311 1440 απτόμεναι
331 1351 462 1421 εὐθεῖαι
480 1350 643 1438 ἤχθωσαν
663 1353 700 1417 αἴ
717 1358 794 1436 AB,
809 1357 878 1418 ΑΓ
897 1358 1136 1437 συμπίπτουσαι

74 1482 109 1530 10
128 1458 210 1528 κατὰ
237 1459 275 1529 τὸ
300 1467 348 1546 A,
380 1459 435 1527 καῖ
463 1461 693 1543 ἐπιζευχθεῖσα
720 1453 741 1543 ἡ
766 1462 833 1523 ΒΓ
861 1459 941 1545 δίχα
968 1459 1135 1546 τετμήσθω

127 1565 211 1635 κατὰ
229 1563 267 1635 τὸ
281 1574 326 1654 Δ,
350 1565 406 1633 καῖ
425 1564 609 1651 ἐπεζεύχθω
629 1560 744 1650 ἡΑΔ.
776 1563 873 1648 λέγω,
896 1560 949 1630 ὅτι
969 1562 1135 1653 διάμετρός

127 1674 197 1740 ἐστι
218 1678 278 1760 τῆς
300 1677 411 1760 τομῆς.

194 1785 225 1847 εἴ
246 1779 310 1864 γὰρ
336 1777 501 1862 δυνατόν,
530 1781 613 1844 ἔστω
638 1773 814 1862 διάμετρος
836 1771 856 1860 ἡ
882 1781 966 1861 ΔΕ,
995 1778 1052 1844 καῖ
1075 1780 1135 1845 ἐπε·

127 1884 255 1971 ζεύχθω
283 1881 304 1971 ἡ
329 1891 408 1952 ΕΓ·
450 1896 542 1968 τεμεῖ
568 1881 609 1968 δὴ
637 1881 701 1968 τὴν
728 1879 844 1968 τομήν.
888 1885 1035 1967 τεμνέτω
1061 1879 1134 1951 ἴτατὰ

74 2013 108 2062 15
125 1989 164 2058 τὸ
188 1998 231 2075 Ζ,
258 1990 314 2056 καῖ
339 1989 395 2056 διὰ
417 1993 478 2057 τοῦ
502 1996 529 2055 Ζ
555 1993 595 2076 τῇ
619 1995 715 2056 ΓΔΒ
1082 2017 1110 2071 B

125 2097 337 2181 παράλληλος
350 2094 446 2182 ἤχθω
465 2094 486 2183 ἡ
503 2103 615 2163 ΖΚΗ.
646 2096 715 2163 ἐπεὶ

127 2194 190 2271 οὖν
221 2211 276 2289 ἴση
305 2203 396 2270 ἐστὶν
424 2200 445 2287 ἡ
473 2209 536 2270 ΓΔ
568 2206 608 2290 τῇ
637 2211 714 2282 ΔΒ,

127 2317 182 2396 ἴση
201 2309 256 2377 καὶ
275 2306 296 2395 ἡ
317 2316 378 2376 ΖΘ
398 2313 437 2398 τῇ
458 2317 533 2378 ΘΗ.
570 2310 625 2375 καῖ
645 2309 715 2376 ἐπεὶ

126 2415 147 2504 ἡ
171 2414 253 2484 κατὰ
277 2414 315 2483 τὸ
339 2423 371 2482 Λ
398 2417 610 2502 ἐφαπτομένη
633 2440 714 2498 παρ·
758 2444 791 2492 A

72 2548 106 2596 20
125 2524 270 2610 οἴῖληλός
302 2525 371 2592 ἐστι
402 2550 442 2610 τη
471 2528 547 2608 ΒΓ,
581 2527 649 2588 ἔστι
678 2521 715 2588 δὲ

125 2633 181 2698 καῖ
204 2629 225 2718 ἡ
250 2638 322 2697 ΖΗ
343 2634 383 2719 τῇ
407 2636 473 2696 ΒΓ
491 2627 715 2714 παράλληλος,

125 2737 182 2801 καῖ
199 2735 220 2820 ἡ
236 2742 309 2802 ΖΗ
326 2737 392 2820 ἄρα
414 2734 627 2821 παράλληλός
645 2736 714 2801 ἐστι

125 2844 165 2925 τῇ
184 2839 267 2907 κατὰ
286 2840 323 2907 τὸ
343 2849 374 2907 Λ
397 2843 620 2929 ἐφαπτομένη.
658 2850 713 2925 ἴση
1083 2833 1116 2884 Γ

126 2942 192 3030 ἄρα
220 2942 240 3029 ἡ
265 2952 326 3011 ΖΘ
357 2950 396 3033 tq]
425 2954 504 3013 ΘΚ·
546 2944 627 3032 ὅπερ
660 2944 840 3016 ἀδύνατον.
888 2948 948 3017 οὐκ
977 2950 1044 3040 ἅμα
1073 2950 1137 3021 θιά-

72 3072 107 3122 25
126 3048 245 3136 μετρός
271 3052 361 3117 ἐστιν
390 3048 410 3136 ἡ
435 3059 511 3119 ΔΕ.
559 3051 683 3139 ὁμοίως
711 3055 753 3140 δὴ
784 3058 950 3143 δείξομεν,
981 3056 1032 3126 ὅτι
1062 3056 1138 3127 οὐδὲ

127 3153 210 3240 ἄλλη
234 3182 283 3234 τις
306 3158 393 3242 πλὴν
416 3162 475 3241 τῆς
497 3167 576 3226 ΑΔ.

199 3448 222 3495 5.
243 3435 425 3511 ἀπόχὴεπό
444 3461 470 3510 p.
555 3450 597 3496 13.
617 3450 672 3498 ΛΕ
704 3462 773 3500 corr.
794 3449 955 3501 σκετο.
978 3453 1001 3502 1.
1022 3446 1062 3516 V,
1089 3450 1139 3501 ΒΕ

129 3532 178 3584 cv,
201 3515 258 3567 ΕΔ
275 3531 301 3582 p.
390 3518 430 3567 16.
452 3513 553 3583 ΖΚΗ]
575 3517 661 3567 ΖΗΚ
706 3558 712 3581 ,
738 3519 859 3586 ΖΘΗΡ
880 3522 909 3573 et
927 3517 1047 3584 Comm.;
1072 3536 1138 3574 corr.
