<?xml version="1.0" encoding="UTF-8"?>
<!DOCTYPE html PUBLIC "-//W3C//DTD XHTML 1.0 Transitional//EN"
    "http://www.w3.org/TR/xhtml1/DTD/xhtml1-transitional.dtd">
<html xmlns="http://www.w3.org/1999/xhtml" xml:lang="en" lang="en">
 <head>
  <title>
</title>
<meta http-equiv="Content-Type" content="text/html;charset=utf-8" />
  <meta name='ocr-system' content='tesseract 3.04.00' />
  <meta name='ocr-capabilities' content='ocr_page ocr_carea ocr_par ocr_line ocrx_word'/>
</head>
<body>
  <div class='ocr_page' id='page_1' title='image "./apolloniipergae00apolgoog_0049.png"; bbox 0 0 2438 3892; ppageno 0'>
   <div class='ocr_carea' id='block_1_1' title="bbox 420 180 1117 246">
    <p class='ocr_par' dir='ltr' id='par_1_1' title="bbox 420 180 1117 246">
     <span class='ocr_line' id='line_1_1' title="bbox 420 180 1117 246; baseline 0.003 -14"><span class='ocrx_word' id='word_1_1' title='bbox 420 180 634 232; x_wconf 80' lang='lat' dir='ltr'>ecmccnuu</span> <span class='ocrx_word' id='word_1_2' title='bbox 651 182 761 233; x_wconf 79' lang='lat' dir='ltr'>ursan</span> <span class='ocrx_word' id='word_1_3' title='bbox 778 184 799 233; x_wconf 90' lang='lat'>1.</span> <span class='ocrx_word' id='word_1_4' title='bbox 1074 181 1117 246; x_wconf 80' lang='lat'>29</span> 
     </span>
    </p>
   </div>
   <div class='ocr_carea' id='block_1_2' title="bbox 97 323 1125 2300">
    <p class='ocr_par' dir='ltr' id='par_1_2' title="bbox 97 323 1125 2300">
     <span class='ocr_line' id='line_1_2' title="bbox 166 323 1119 411; baseline 0.002 -23"><span class='ocrx_word' id='word_1_5' title='bbox 166 345 207 388; x_wconf 92' lang='lat' dir='ltr'>ne</span> <span class='ocrx_word' id='word_1_6' title='bbox 232 323 399 411; x_wconf 12' lang='lat' dir='ltr'>sittigitur</span> <span class='ocrx_word' id='word_1_7' title='bbox 421 327 528 388; x_wconf 89' lang='lat' dir='ltr'>rectus</span> <span class='ocrx_word' id='word_1_8' title='bbox 553 345 663 389; x_wconf 90' lang='lat' dir='ltr'>conus.</span> <span class='ocrx_word' id='word_1_9' title='bbox 708 325 774 388; x_wconf 89' lang='lat' dir='ltr'>iam</span> <span class='ocrx_word' id='word_1_10' title='bbox 799 324 828 388; x_wconf 92' lang='lat' dir='ltr'>si</span> <span class='ocrx_word' id='word_1_11' title='bbox 850 325 1035 408; x_wconf 83' lang='lat' dir='ltr'>triangulus</span> <span class='ocrx_word' id='word_1_12' title='bbox 1060 347 1119 409; x_wconf 91' lang='lat' dir='ltr'>per</span> 
     </span>
     <span class='ocr_line' id='line_1_3' title="bbox 100 429 1119 515; baseline 0 -19"><span class='ocrx_word' id='word_1_13' title='bbox 100 454 192 496; x_wconf 84' lang='lat' dir='ltr'><strong>axem</strong></span> <span class='ocrx_word' id='word_1_14' title='bbox 229 431 355 513; x_wconf 90' lang='lat' dir='ltr'>positus</span> <span class='ocrx_word' id='word_1_15' title='bbox 394 429 433 494; x_wconf 91' lang='lat' dir='ltr'>ad</span> <span class='ocrx_word' id='word_1_16' title='bbox 467 429 626 495; x_wconf 90' lang='lat' dir='ltr'>circulum</span> <span class='ocrx_word' id='word_1_17' title='bbox 658 433 725 495; x_wconf 89' lang='grc' dir='ltr'>ΒΓ</span> <span class='ocrx_word' id='word_1_18' title='bbox 751 431 1026 515; x_wconf 82' lang='lat' dir='ltr'>perpendicularis</span> <span class='ocrx_word' id='word_1_19' title='bbox 1060 436 1119 515; x_wconf 88' lang='lat' dir='ltr'>est,</span> 
     </span>
     <span class='ocr_line' id='line_1_4' title="bbox 100 536 1124 621; baseline -0.001 -19"><span class='ocrx_word' id='word_1_20' title='bbox 100 537 212 603; x_wconf 91' lang='lat' dir='ltr'>ecdem</span> <span class='ocrx_word' id='word_1_21' title='bbox 250 537 346 600; x_wconf 91' lang='lat' dir='ltr'>modo</span> <span class='ocrx_word' id='word_1_22' title='bbox 384 536 698 621; x_wconf 89' lang='lat' dir='ltr'>demonstrabimus,</span> <span class='ocrx_word' id='word_1_23' title='bbox 736 537 834 602; x_wconf 91' lang='lat' dir='ltr'>etiam</span> <span class='ocrx_word' id='word_1_24' title='bbox 873 542 943 601; x_wconf 84' lang='grc' dir='ltr'>ΛΕ</span> <span class='ocrx_word' id='word_1_25' title='bbox 978 537 1018 602; x_wconf 91' lang='lat' dir='ltr'>ad</span> <span class='ocrx_word' id='word_1_26' title='bbox 1051 541 1124 602; x_wconf 89' lang='grc' dir='ltr'>ΖΗ</span> 
     </span>
     <span class='ocr_line' id='line_1_5' title="bbox 99 643 1119 729; baseline 0.001 -22"><span class='ocrx_word' id='word_1_27' title='bbox 99 643 398 727; x_wconf 81' lang='lat' dir='ltr'>perpendicularem</span> <span class='ocrx_word' id='word_1_28' title='bbox 431 664 509 708; x_wconf 91' lang='lat' dir='ltr'>esse.</span> <span class='ocrx_word' id='word_1_29' title='bbox 559 664 602 706; x_wconf 93' lang='lat' dir='ltr'>ne</span> <span class='ocrx_word' id='word_1_30' title='bbox 634 643 678 707; x_wconf 91' lang='lat' dir='ltr'>sit</span> <span class='ocrx_word' id='word_1_31' title='bbox 710 643 811 729; x_wconf 84' lang='lat' dir='ltr'>igitur</span> <span class='ocrx_word' id='word_1_32' title='bbox 843 645 1029 729; x_wconf 86' lang='lat' dir='ltr'>triangulus</span> <span class='ocrx_word' id='word_1_33' title='bbox 1061 666 1119 728; x_wconf 93' lang='lat' dir='ltr'>per</span> 
     </span>
     <span class='ocr_line' id='line_1_6' title="bbox 100 749 1118 834; baseline 0.002 -21"><span class='ocrx_word' id='word_1_34' title='bbox 100 771 193 813; x_wconf 84' lang='lat' dir='ltr'>axem</span> <span class='ocrx_word' id='word_1_35' title='bbox 220 750 347 833; x_wconf 86' lang='lat' dir='ltr'>positus</span> <span class='ocrx_word' id='word_1_36' title='bbox 373 752 476 814; x_wconf 89' lang='grc' dir='ltr'>ΑΒΓ</span> <span class='ocrx_word' id='word_1_37' title='bbox 500 749 539 813; x_wconf 91' lang='lat' dir='ltr'>ad</span> <span class='ocrx_word' id='word_1_38' title='bbox 570 749 724 815; x_wconf 91' lang='lat' dir='ltr'>circulum</span> <span class='ocrx_word' id='word_1_39' title='bbox 748 753 812 814; x_wconf 89' lang='grc' dir='ltr'>ΒΓ</span> <span class='ocrx_word' id='word_1_40' title='bbox 832 750 1118 834; x_wconf 81' lang='lat' dir='ltr'>perpendicularis.</span> 
     </span>
     <span class='ocr_line' id='line_1_7' title="bbox 100 854 1118 939; baseline 0.002 -20"><span class='ocrx_word' id='word_1_41' title='bbox 100 855 183 939; x_wconf 92' lang='lat' dir='ltr'>dico,</span> <span class='ocrx_word' id='word_1_42' title='bbox 215 877 255 920; x_wconf 90' lang='lat' dir='ltr'>ne</span> <span class='ocrx_word' id='word_1_43' title='bbox 285 860 355 919; x_wconf 87' lang='grc' dir='ltr'>ΔΕ</span> <span class='ocrx_word' id='word_1_44' title='bbox 387 855 519 939; x_wconf 88' lang='lat' dir='ltr'>quidem</span> <span class='ocrx_word' id='word_1_45' title='bbox 547 856 586 919; x_wconf 92' lang='lat' dir='ltr'>ad</span> <span class='ocrx_word' id='word_1_46' title='bbox 615 859 687 919; x_wconf 90' lang='lat' dir='ltr'>ZH</span> <span class='ocrx_word' id='word_1_47' title='bbox 708 854 1008 939; x_wconf 88' lang='lat' dir='ltr'>perpendicularem</span> <span class='ocrx_word' id='word_1_48' title='bbox 1037 878 1118 921; x_wconf 90' lang='lat' dir='ltr'>esse.</span> 
     </span>
     <span class='ocr_line' id='line_1_8' title="bbox 98 960 1118 1046; baseline 0.003 -22"><span class='ocrx_word' id='word_1_49' title='bbox 98 982 175 1026; x_wconf 89' lang='lat' dir='ltr'>nam</span> <span class='ocrx_word' id='word_1_50' title='bbox 199 963 227 1026; x_wconf 94' lang='lat' dir='ltr'>si</span> <span class='ocrx_word' id='word_1_51' title='bbox 250 961 320 1025; x_wconf 89' lang='lat' dir='ltr'>fieri</span> <span class='ocrx_word' id='word_1_52' title='bbox 343 964 462 1045; x_wconf 89' lang='lat' dir='ltr'>potest,</span> <span class='ocrx_word' id='word_1_53' title='bbox 486 961 539 1025; x_wconf 88' lang='lat' dir='ltr'>sit.</span> <span class='ocrx_word' id='word_1_54' title='bbox 580 983 693 1025; x_wconf 92' lang='lat' dir='ltr'>uerum</span> <span class='ocrx_word' id='word_1_55' title='bbox 717 961 816 1026; x_wconf 89' lang='lat' dir='ltr'>etiam</span> <span class='ocrx_word' id='word_1_56' title='bbox 841 960 881 1025; x_wconf 94' lang='lat' dir='ltr'>ad</span> <span class='ocrx_word' id='word_1_57' title='bbox 900 965 966 1026; x_wconf 88' lang='grc' dir='ltr'>ΒΓ</span> <span class='ocrx_word' id='word_1_58' title='bbox 984 983 1118 1046; x_wconf 88' lang='lat' dir='ltr'>perpen-</span> 
     </span>
     <span class='ocr_line' id='line_1_9' title="bbox 101 1067 1119 1154; baseline 0.003 -23"><span class='ocrx_word' id='word_1_59' title='bbox 101 1067 254 1133; x_wconf 90' lang='lat' dir='ltr'>dicularis</span> <span class='ocrx_word' id='word_1_60' title='bbox 273 1072 333 1132; x_wconf 92' lang='lat' dir='ltr'>est.</span> <span class='ocrx_word' id='word_1_61' title='bbox 367 1072 436 1131; x_wconf 86' lang='grc' dir='ltr'>ΔΕ</span> <span class='ocrx_word' id='word_1_62' title='bbox 452 1067 553 1150; x_wconf 86' lang='lat' dir='ltr'>igitur</span> <span class='ocrx_word' id='word_1_63' title='bbox 571 1067 612 1131; x_wconf 88' lang='lat' dir='ltr'>ad</span> <span class='ocrx_word' id='word_1_64' title='bbox 631 1072 802 1153; x_wconf 90' lang='lat' dir='ltr'>utramque</span> <span class='ocrx_word' id='word_1_65' title='bbox 817 1070 888 1153; x_wconf 81' lang='lat' dir='ltr'>BF,</span> <span class='ocrx_word' id='word_1_66' title='bbox 903 1072 974 1133; x_wconf 90' lang='lat' dir='ltr'>ZH</span> <span class='ocrx_word' id='word_1_67' title='bbox 983 1091 1119 1154; x_wconf 89' lang='lat' dir='ltr'>perpen-</span> 
     </span>
     <span class='ocr_line' id='line_1_10' title="bbox 101 1172 1123 1258; baseline 0.003 -22"><span class='ocrx_word' id='word_1_68' title='bbox 101 1173 253 1237; x_wconf 90' lang='lat' dir='ltr'>dicularis</span> <span class='ocrx_word' id='word_1_69' title='bbox 283 1175 346 1255; x_wconf 73' lang='lat' dir='ltr'>est,</span> <span class='ocrx_word' id='word_1_70' title='bbox 377 1193 476 1255; x_wconf 88' lang='lat' dir='ltr'>quare</span> <span class='ocrx_word' id='word_1_71' title='bbox 504 1172 602 1236; x_wconf 91' lang='lat' dir='ltr'>etiam</span> <span class='ocrx_word' id='word_1_72' title='bbox 630 1173 670 1237; x_wconf 92' lang='lat' dir='ltr'>ad</span> <span class='ocrx_word' id='word_1_73' title='bbox 698 1175 834 1257; x_wconf 88' lang='lat' dir='ltr'>planum</span> <span class='ocrx_word' id='word_1_74' title='bbox 861 1196 919 1258; x_wconf 89' lang='lat' dir='ltr'>per</span> <span class='ocrx_word' id='word_1_75' title='bbox 947 1178 1022 1257; x_wconf 85' lang='grc' dir='ltr'>ΒΓ,</span> <span class='ocrx_word' id='word_1_76' title='bbox 1051 1179 1123 1239; x_wconf 89' lang='grc' dir='ltr'>ΖΗ</span> 
     </span>
     <span class='ocr_line' id='line_1_11' title="bbox 101 1277 1118 1365; baseline 0.004 -23"><span class='ocrx_word' id='word_1_77' title='bbox 101 1278 233 1342; x_wconf 90' lang='lat' dir='ltr'>ductum</span> <span class='ocrx_word' id='word_1_78' title='bbox 264 1277 542 1362; x_wconf 88' lang='lat' dir='ltr'>perpendicularis</span> <span class='ocrx_word' id='word_1_79' title='bbox 575 1278 636 1342; x_wconf 90' lang='lat' dir='ltr'>erit</span> <span class='ocrx_word' id='word_1_80' title='bbox 669 1277 773 1358; x_wconf 77' lang='lat' dir='ltr'>[Eucl.</span> <span class='ocrx_word' id='word_1_81' title='bbox 800 1279 862 1365; x_wconf 87' lang='lat' dir='ltr'>XI,</span> <span class='ocrx_word' id='word_1_82' title='bbox 890 1282 934 1361; x_wconf 87' lang='lat'>4].</span> <span class='ocrx_word' id='word_1_83' title='bbox 984 1282 1118 1365; x_wconf 89' lang='lat' dir='ltr'>planum</span> 
     </span>
     <span class='ocr_line' id='line_1_12' title="bbox 100 1386 1118 1470; baseline 0.003 -22"><span class='ocrx_word' id='word_1_84' title='bbox 100 1387 210 1449; x_wconf 91' lang='lat' dir='ltr'>autem</span> <span class='ocrx_word' id='word_1_85' title='bbox 233 1388 396 1449; x_wconf 85' lang='lat' dir='ltr'>rectarum</span> <span class='ocrx_word' id='word_1_86' title='bbox 419 1387 490 1466; x_wconf 80' lang='grc' dir='ltr'>ΒΓ,</span> <span class='ocrx_word' id='word_1_87' title='bbox 511 1387 578 1447; x_wconf 88' lang='grc' dir='ltr'>ΗΖ</span> <span class='ocrx_word' id='word_1_88' title='bbox 602 1386 651 1448; x_wconf 91' lang='lat' dir='ltr'>est</span> <span class='ocrx_word' id='word_1_89' title='bbox 675 1388 786 1468; x_wconf 81' lang='grc' dir='ltr'><em>ΑΒΓ;</em></span> <span class='ocrx_word' id='word_1_90' title='bbox 811 1407 909 1470; x_wconf 92' lang='lat' dir='ltr'>quare</span> <span class='ocrx_word' id='word_1_91' title='bbox 928 1391 998 1451; x_wconf 85' lang='grc' dir='ltr'>ΛΕ</span> <span class='ocrx_word' id='word_1_92' title='bbox 1020 1388 1118 1452; x_wconf 92' lang='lat' dir='ltr'>etiam</span> 
     </span>
     <span class='ocr_line' id='line_1_13' title="bbox 100 1489 1119 1576; baseline 0.001 -20"><span class='ocrx_word' id='word_1_93' title='bbox 100 1491 141 1556; x_wconf 92' lang='lat' dir='ltr'>ad</span> <span class='ocrx_word' id='word_1_94' title='bbox 159 1491 361 1576; x_wconf 84' lang='lat' dir='ltr'>triangulum</span> <span class='ocrx_word' id='word_1_95' title='bbox 380 1493 485 1555; x_wconf 89' lang='grc' dir='ltr'>ΑΒΓ</span> <span class='ocrx_word' id='word_1_96' title='bbox 499 1489 772 1574; x_wconf 83' lang='lat' dir='ltr'>perpendicularis</span> <span class='ocrx_word' id='word_1_97' title='bbox 792 1495 852 1555; x_wconf 88' lang='lat' dir='ltr'>est.</span> <span class='ocrx_word' id='word_1_98' title='bbox 891 1492 999 1576; x_wconf 89' lang='lat' dir='ltr'>itaque</span> <span class='ocrx_word' id='word_1_99' title='bbox 1019 1495 1119 1558; x_wconf 92' lang='lat' dir='ltr'>etiam</span> 
     </span>
     <span class='ocr_line' id='line_1_14' title="bbox 99 1595 1125 1682; baseline 0.001 -19"><span class='ocrx_word' id='word_1_100' title='bbox 99 1598 208 1663; x_wconf 91' lang='lat' dir='ltr'>omnia</span> <span class='ocrx_word' id='word_1_101' title='bbox 244 1599 342 1680; x_wconf 91' lang='lat' dir='ltr'>plana</span> <span class='ocrx_word' id='word_1_102' title='bbox 379 1618 436 1681; x_wconf 88' lang='lat' dir='ltr'>per</span> <span class='ocrx_word' id='word_1_103' title='bbox 472 1618 544 1660; x_wconf 90' lang='lat' dir='ltr'>eam</span> <span class='ocrx_word' id='word_1_104' title='bbox 582 1596 677 1661; x_wconf 91' lang='lat' dir='ltr'>ducta</span> <span class='ocrx_word' id='word_1_105' title='bbox 714 1595 754 1659; x_wconf 93' lang='lat' dir='ltr'>ad</span> <span class='ocrx_word' id='word_1_106' title='bbox 786 1597 988 1682; x_wconf 83' lang='lat' dir='ltr'>triangulum</span> <span class='ocrx_word' id='word_1_107' title='bbox 1021 1602 1125 1664; x_wconf 90' lang='grc' dir='ltr'>ΑΒΓ</span> 
     </span>
     <span class='ocr_line' id='line_1_15' title="bbox 97 1701 1119 1789; baseline 0.003 -22"><span class='ocrx_word' id='word_1_108' title='bbox 97 1704 377 1786; x_wconf 89' lang='lat' dir='ltr'>perpendicularia</span> <span class='ocrx_word' id='word_1_109' title='bbox 398 1706 474 1768; x_wconf 89' lang='lat' dir='ltr'>sunt</span> <span class='ocrx_word' id='word_1_110' title='bbox 494 1702 599 1784; x_wconf 80' lang='lat' dir='ltr'>[Eucl.</span> <span class='ocrx_word' id='word_1_111' title='bbox 613 1701 670 1786; x_wconf 92' lang='lat' dir='ltr'>XI,</span> <span class='ocrx_word' id='word_1_112' title='bbox 687 1703 752 1786; x_wconf 87' lang='lat'>18].</span> <span class='ocrx_word' id='word_1_113' title='bbox 785 1724 897 1767; x_wconf 89' lang='lat' dir='ltr'>uerum</span> <span class='ocrx_word' id='word_1_114' title='bbox 916 1704 1002 1769; x_wconf 90' lang='lat' dir='ltr'>inter</span> <span class='ocrx_word' id='word_1_115' title='bbox 1019 1707 1119 1789; x_wconf 89' lang='lat' dir='ltr'>plana</span> 
     </span>
     <span class='ocr_line' id='line_1_16' title="bbox 98 1809 1118 1893; baseline 0.004 -20"><span class='ocrx_word' id='word_1_116' title='bbox 98 1831 157 1893; x_wconf 93' lang='lat' dir='ltr'>per</span> <span class='ocrx_word' id='word_1_117' title='bbox 176 1815 246 1874; x_wconf 84' lang='grc' dir='ltr'>ΛΕ</span> <span class='ocrx_word' id='word_1_118' title='bbox 267 1811 363 1874; x_wconf 89' lang='lat' dir='ltr'>ducta</span> <span class='ocrx_word' id='word_1_119' title='bbox 387 1813 438 1875; x_wconf 87' lang='lat' dir='ltr'>est</span> <span class='ocrx_word' id='word_1_120' title='bbox 462 1809 600 1875; x_wconf 90' lang='lat' dir='ltr'>circulus</span> <span class='ocrx_word' id='word_1_121' title='bbox 620 1813 695 1893; x_wconf 79' lang='grc' dir='ltr'>ΒΓ;</span> <span class='ocrx_word' id='word_1_122' title='bbox 720 1831 820 1893; x_wconf 89' lang='lat' dir='ltr'>quare</span> <span class='ocrx_word' id='word_1_123' title='bbox 838 1810 976 1875; x_wconf 90' lang='lat' dir='ltr'>circulus</span> <span class='ocrx_word' id='word_1_124' title='bbox 996 1815 1062 1877; x_wconf 88' lang='grc' dir='ltr'>ΒΓ</span> <span class='ocrx_word' id='word_1_125' title='bbox 1077 1813 1118 1877; x_wconf 88' lang='lat' dir='ltr'>ad</span> 
     </span>
     <span class='ocr_line' id='line_1_17' title="bbox 98 1916 1117 2001; baseline 0.005 -22"><span class='ocrx_word' id='word_1_126' title='bbox 98 1916 303 2001; x_wconf 83' lang='lat' dir='ltr'>triangulum</span> <span class='ocrx_word' id='word_1_127' title='bbox 331 1919 435 1980; x_wconf 94' lang='grc' dir='ltr'>ΑΒΓ</span> <span class='ocrx_word' id='word_1_128' title='bbox 461 1916 738 2000; x_wconf 90' lang='lat' dir='ltr'>perpendicularis</span> <span class='ocrx_word' id='word_1_129' title='bbox 769 1921 827 1980; x_wconf 84' lang='lat' dir='ltr'>est.</span> <span class='ocrx_word' id='word_1_130' title='bbox 877 1917 988 2001; x_wconf 90' lang='lat' dir='ltr'>itaque</span> <span class='ocrx_word' id='word_1_131' title='bbox 1018 1919 1117 1984; x_wconf 89' lang='lat' dir='ltr'>etiam</span> 
     </span>
     <span class='ocr_line' id='line_1_18' title="bbox 99 2021 1117 2109; baseline 0.004 -24"><span class='ocrx_word' id='word_1_132' title='bbox 99 2023 283 2107; x_wconf 86' lang='lat' dir='ltr'>triangulus</span> <span class='ocrx_word' id='word_1_133' title='bbox 303 2024 408 2086; x_wconf 91' lang='grc' dir='ltr'>ΑΒΓ</span> <span class='ocrx_word' id='word_1_134' title='bbox 427 2022 467 2086; x_wconf 93' lang='lat' dir='ltr'>ad</span> <span class='ocrx_word' id='word_1_135' title='bbox 491 2022 645 2087; x_wconf 90' lang='lat' dir='ltr'>circulum</span> <span class='ocrx_word' id='word_1_136' title='bbox 664 2024 731 2086; x_wconf 93' lang='grc' dir='ltr'>ΒΓ</span> <span class='ocrx_word' id='word_1_137' title='bbox 743 2021 1020 2105; x_wconf 89' lang='lat' dir='ltr'>perpendicularis</span> <span class='ocrx_word' id='word_1_138' title='bbox 1041 2026 1117 2109; x_wconf 88' lang='lat' dir='ltr'>erit;</span> 
     </span>
     <span class='ocr_line' id='line_1_19' title="bbox 101 2127 1116 2216; baseline 0.003 -24"><span class='ocrx_word' id='word_1_139' title='bbox 101 2128 188 2210; x_wconf 91' lang='lat' dir='ltr'>quod</span> <span class='ocrx_word' id='word_1_140' title='bbox 207 2132 320 2193; x_wconf 87' lang='lat' dir='ltr'>contra</span> <span class='ocrx_word' id='word_1_141' title='bbox 338 2127 552 2211; x_wconf 82' lang='lat' dir='ltr'>hypothesim</span> <span class='ocrx_word' id='word_1_142' title='bbox 571 2132 629 2192; x_wconf 86' lang='lat' dir='ltr'>cst.</span> <span class='ocrx_word' id='word_1_143' title='bbox 660 2149 738 2213; x_wconf 83' lang='lat' dir='ltr'>ergo</span> <span class='ocrx_word' id='word_1_144' title='bbox 753 2132 824 2192; x_wconf 88' lang='grc' dir='ltr'>ΔΕ</span> <span class='ocrx_word' id='word_1_145' title='bbox 841 2128 881 2194; x_wconf 90' lang='lat' dir='ltr'>ad</span> <span class='ocrx_word' id='word_1_146' title='bbox 898 2133 970 2194; x_wconf 91' lang='lat' dir='ltr'>ZH</span> <span class='ocrx_word' id='word_1_147' title='bbox 983 2153 1116 2216; x_wconf 85' lang='lat' dir='ltr'>perpen-</span> 
     </span>
     <span class='ocr_line' id='line_1_20' title="bbox 101 2234 425 2300; baseline 0 -2"><span class='ocrx_word' id='word_1_148' title='bbox 101 2234 254 2300; x_wconf 89' lang='lat' dir='ltr'>dicularis</span> <span class='ocrx_word' id='word_1_149' title='bbox 278 2258 344 2300; x_wconf 92' lang='lat' dir='ltr'>ncn</span> <span class='ocrx_word' id='word_1_150' title='bbox 368 2239 425 2300; x_wconf 89' lang='lat' dir='ltr'>est.</span> 
     </span>
    </p>
   </div>
   <div class='ocr_carea' id='block_1_3' title="bbox 474 2427 742 2494">
    <p class='ocr_par' dir='ltr' id='par_1_3' title="bbox 474 2427 742 2494">
     <span class='ocr_line' id='line_1_21' title="bbox 474 2427 742 2494; baseline -0.004 0"><span class='ocrx_word' id='word_1_151' title='bbox 474 2427 742 2494; x_wconf 84' lang='lat' dir='ltr'>Corollarium.</span> 
     </span>
    </p>
   </div>
   <div class='ocr_carea' id='block_1_4' title="bbox 99 2554 1118 3066">
    <p class='ocr_par' dir='ltr' id='par_1_4' title="bbox 99 2554 1118 3066">
     <span class='ocr_line' id='line_1_22' title="bbox 166 2554 1118 2640; baseline 0.001 -22"><span class='ocrx_word' id='word_1_152' title='bbox 166 2555 241 2619; x_wconf 90' lang='lat' dir='ltr'>hinc</span> <span class='ocrx_word' id='word_1_153' title='bbox 265 2554 474 2620; x_wconf 86' lang='lat' dir='ltr'>manifestum</span> <span class='ocrx_word' id='word_1_154' title='bbox 494 2557 553 2640; x_wconf 89' lang='lat' dir='ltr'>est,</span> <span class='ocrx_word' id='word_1_155' title='bbox 576 2557 648 2618; x_wconf 90' lang='lat' dir='ltr'>ZH</span> <span class='ocrx_word' id='word_1_156' title='bbox 662 2554 856 2619; x_wconf 81' lang='lat' dir='ltr'>diametrum</span> <span class='ocrx_word' id='word_1_157' title='bbox 876 2574 945 2618; x_wconf 90' lang='lat' dir='ltr'>esse</span> <span class='ocrx_word' id='word_1_158' title='bbox 965 2554 1118 2619; x_wconf 74' lang='lat' dir='ltr'>sectionis</span> 
     </span>
     <span class='ocr_line' id='line_1_23' title="bbox 99 2660 1118 2745; baseline 0 -20"><span class='ocrx_word' id='word_1_159' title='bbox 99 2665 204 2725; x_wconf 82' lang='grc' dir='ltr'>ΔΖΕ</span> <span class='ocrx_word' id='word_1_160' title='bbox 226 2661 302 2742; x_wconf 86' lang='lat' dir='ltr'>[def.</span> <span class='ocrx_word' id='word_1_161' title='bbox 321 2664 355 2742; x_wconf 89' lang='lat'>4]</span> <span class='ocrx_word' id='word_1_162' title='bbox 362 2712 372 2745; x_wconf 97' lang='lat'>,</span> <span class='ocrx_word' id='word_1_163' title='bbox 395 2662 547 2744; x_wconf 87' lang='lat' dir='ltr'>quoniam</span> <span class='ocrx_word' id='word_1_164' title='bbox 571 2663 677 2725; x_wconf 89' lang='lat' dir='ltr'>rectas</span> <span class='ocrx_word' id='word_1_165' title='bbox 700 2664 808 2724; x_wconf 90' lang='lat' dir='ltr'>rectae</span> <span class='ocrx_word' id='word_1_166' title='bbox 832 2660 930 2724; x_wconf 89' lang='lat' dir='ltr'>alicui</span> <span class='ocrx_word' id='word_1_167' title='bbox 954 2664 1025 2724; x_wconf 85' lang='grc' dir='ltr'>ΛΕ</span> <span class='ocrx_word' id='word_1_168' title='bbox 1044 2683 1118 2744; x_wconf 92' lang='lat' dir='ltr'>par-</span> 
     </span>
     <span class='ocr_line' id='line_1_24' title="bbox 100 2767 1117 2851; baseline 0.001 -20"><span class='ocrx_word' id='word_1_169' title='bbox 100 2768 213 2831; x_wconf 88' lang='lat' dir='ltr'>allelas</span> <span class='ocrx_word' id='word_1_170' title='bbox 241 2767 354 2832; x_wconf 90' lang='lat' dir='ltr'>ductas</span> <span class='ocrx_word' id='word_1_171' title='bbox 378 2767 413 2831; x_wconf 92' lang='lat' dir='ltr'>in</span> <span class='ocrx_word' id='word_1_172' title='bbox 437 2767 530 2831; x_wconf 89' lang='lat' dir='ltr'>binas</span> <span class='ocrx_word' id='word_1_173' title='bbox 553 2770 673 2849; x_wconf 88' lang='lat' dir='ltr'>partes.</span> <span class='ocrx_word' id='word_1_174' title='bbox 688 2767 836 2850; x_wconf 88' lang='lat' dir='ltr'>aequales</span> <span class='ocrx_word' id='word_1_175' title='bbox 861 2769 964 2851; x_wconf 89' lang='lat' dir='ltr'>secat,</span> <span class='ocrx_word' id='word_1_176' title='bbox 991 2770 1024 2831; x_wconf 90' lang='lat' dir='ltr'>et</span> <span class='ocrx_word' id='word_1_177' title='bbox 1046 2768 1117 2832; x_wconf 89' lang='lat' dir='ltr'>fieri</span> 
     </span>
     <span class='ocr_line' id='line_1_25' title="bbox 100 2872 1116 2958; baseline 0 -20"><span class='ocrx_word' id='word_1_178' title='bbox 100 2896 212 2957; x_wconf 88' lang='lat' dir='ltr'>posse,</span> <span class='ocrx_word' id='word_1_179' title='bbox 240 2878 277 2938; x_wconf 90' lang='lat' dir='ltr'>ut</span> <span class='ocrx_word' id='word_1_180' title='bbox 303 2874 479 2957; x_wconf 89' lang='lat' dir='ltr'>parallelae</span> <span class='ocrx_word' id='word_1_181' title='bbox 507 2896 527 2937; x_wconf 94' lang='lat' dir='ltr'>a</span> <span class='ocrx_word' id='word_1_182' title='bbox 554 2873 712 2937; x_wconf 87' lang='lat' dir='ltr'>diametro</span> <span class='ocrx_word' id='word_1_183' title='bbox 737 2877 809 2937; x_wconf 90' lang='lat' dir='ltr'>ZH</span> <span class='ocrx_word' id='word_1_184' title='bbox 830 2873 865 2937; x_wconf 92' lang='lat' dir='ltr'>in</span> <span class='ocrx_word' id='word_1_185' title='bbox 888 2872 982 2938; x_wconf 89' lang='lat' dir='ltr'>binas</span> <span class='ocrx_word' id='word_1_186' title='bbox 1007 2877 1116 2958; x_wconf 87' lang='lat' dir='ltr'>partes</span> 
     </span>
     <span class='ocr_line' id='line_1_26' title="bbox 101 2979 1117 3066; baseline 0.004 -25"><span class='ocrx_word' id='word_1_187' title='bbox 101 2980 250 3062; x_wconf 85' lang='lat' dir='ltr'>aequales</span> <span class='ocrx_word' id='word_1_188' title='bbox 274 2984 430 3064; x_wconf 87' lang='lat' dir='ltr'>secentur,</span> <span class='ocrx_word' id='word_1_189' title='bbox 454 2980 552 3045; x_wconf 88' lang='lat' dir='ltr'>etiam</span> <span class='ocrx_word' id='word_1_190' title='bbox 577 2979 603 3044; x_wconf 90' lang='lat' dir='ltr'>si</span> <span class='ocrx_word' id='word_1_191' title='bbox 624 2981 664 3044; x_wconf 90' lang='lat' dir='ltr'>ad</span> <span class='ocrx_word' id='word_1_192' title='bbox 683 2981 821 3066; x_wconf 83' lang='lat' dir='ltr'>angulos</span> <span class='ocrx_word' id='word_1_193' title='bbox 840 2984 945 3048; x_wconf 89' lang='lat' dir='ltr'>rectos</span> <span class='ocrx_word' id='word_1_194' title='bbox 965 3003 1031 3046; x_wconf 89' lang='lat' dir='ltr'>ncn</span> <span class='ocrx_word' id='word_1_195' title='bbox 1049 2983 1117 3046; x_wconf 87' lang='lat' dir='ltr'>fiat.</span> 
     </span>
    </p>
   </div>
   <div class='ocr_carea' id='block_1_5' title="bbox 563 3173 654 3240">
    <p class='ocr_par' dir='ltr' id='par_1_5' title="bbox 563 3173 654 3240">
     <span class='ocr_line' id='line_1_27' title="bbox 563 3173 654 3240; baseline 0.022 -2"><span class='ocrx_word' id='word_1_196' title='bbox 563 3173 654 3240; x_wconf 88' lang='lat' dir='ltr'><strong>VIII.</strong></span> 
     </span>
    </p>
   </div>
   <div class='ocr_carea' id='block_1_6' title="bbox 98 3295 1118 3595">
    <p class='ocr_par' dir='ltr' id='par_1_6' title="bbox 98 3295 1118 3595">
     <span class='ocr_line' id='line_1_28' title="bbox 168 3295 1117 3386; baseline 0.003 -25"><span class='ocrx_word' id='word_1_197' title='bbox 168 3295 202 3361; x_wconf 82' lang='lat' dir='ltr'>Si</span> <span class='ocrx_word' id='word_1_198' title='bbox 231 3317 331 3360; x_wconf 87' lang='lat' dir='ltr'>conus</span> <span class='ocrx_word' id='word_1_199' title='bbox 359 3318 417 3381; x_wconf 92' lang='lat' dir='ltr'>per</span> <span class='ocrx_word' id='word_1_200' title='bbox 447 3320 540 3362; x_wconf 88' lang='lat' dir='ltr'>axem</span> <span class='ocrx_word' id='word_1_201' title='bbox 568 3299 665 3383; x_wconf 91' lang='lat' dir='ltr'>plano</span> <span class='ocrx_word' id='word_1_202' title='bbox 695 3304 822 3364; x_wconf 89' lang='lat' dir='ltr'>secatur</span> <span class='ocrx_word' id='word_1_203' title='bbox 845 3305 878 3364; x_wconf 88' lang='lat' dir='ltr'>et</span> <span class='ocrx_word' id='word_1_204' title='bbox 901 3301 964 3365; x_wconf 91' lang='lat' dir='ltr'>alio</span> <span class='ocrx_word' id='word_1_205' title='bbox 989 3322 1117 3386; x_wconf 89' lang='lat' dir='ltr'>quoque</span> 
     </span>
     <span class='ocr_line' id='line_1_29' title="bbox 98 3403 1118 3487; baseline 0.003 -21"><span class='ocrx_word' id='word_1_206' title='bbox 98 3403 197 3487; x_wconf 88' lang='lat' dir='ltr'>plano</span> <span class='ocrx_word' id='word_1_207' title='bbox 218 3405 355 3485; x_wconf 86' lang='lat' dir='ltr'>secatur,</span> <span class='ocrx_word' id='word_1_208' title='bbox 375 3403 460 3486; x_wconf 89' lang='lat' dir='ltr'>quod</span> <span class='ocrx_word' id='word_1_209' title='bbox 479 3405 583 3469; x_wconf 89' lang='lat' dir='ltr'>basim</span> <span class='ocrx_word' id='word_1_210' title='bbox 603 3405 676 3470; x_wconf 89' lang='lat' dir='ltr'>ccni</span> <span class='ocrx_word' id='word_1_211' title='bbox 694 3406 868 3471; x_wconf 89' lang='lat' dir='ltr'>secundum</span> <span class='ocrx_word' id='word_1_212' title='bbox 889 3410 1009 3469; x_wconf 90' lang='lat' dir='ltr'>rectam</span> <span class='ocrx_word' id='word_1_213' title='bbox 1028 3410 1118 3470; x_wconf 88' lang='lat' dir='ltr'>secat</span> 
     </span>
     <span class='ocr_line' id='line_1_30' title="bbox 101 3508 1117 3595; baseline 0.004 -23"><span class='ocrx_word' id='word_1_214' title='bbox 101 3508 142 3572; x_wconf 89' lang='lat' dir='ltr'>ad</span> <span class='ocrx_word' id='word_1_215' title='bbox 169 3508 277 3573; x_wconf 89' lang='lat' dir='ltr'>basim</span> <span class='ocrx_word' id='word_1_216' title='bbox 305 3509 463 3593; x_wconf 83' lang='lat' dir='ltr'>trianguli</span> <span class='ocrx_word' id='word_1_217' title='bbox 490 3531 548 3592; x_wconf 92' lang='lat' dir='ltr'>per</span> <span class='ocrx_word' id='word_1_218' title='bbox 571 3533 664 3575; x_wconf 89' lang='lat' dir='ltr'>axem</span> <span class='ocrx_word' id='word_1_219' title='bbox 686 3512 787 3594; x_wconf 85' lang='lat' dir='ltr'>positi</span> <span class='ocrx_word' id='word_1_220' title='bbox 810 3512 1117 3595; x_wconf 88' lang='lat' dir='ltr'>perpendicularem,</span> 
     </span>
    </p>
   </div>
   <div class='ocr_carea' id='block_1_7' title="bbox 0 0 1224 3892">
    <p class='ocr_par' dir='ltr' id='par_1_7' title="bbox 0 0 1224 3892">
     <span class='ocr_line' id='line_1_31' title="bbox 0 0 1224 3892; baseline 0 0"><span class='ocrx_word' id='word_1_221' title='bbox 0 0 1224 3892; x_wconf 95' lang='lat' dir='ltr'> </span> 
     </span>
    </p>
   </div>
  </div>
 </body>
</html>
