2438 3892
375 193 588 245 CONIOORUM
607 194 755 244 LIBERI.
1030 190 1073 254 15

413 358 492 400 nam
524 336 677 420 quoniam
709 335 796 400 linea
828 336 869 399 ab
905 342 937 398 A
969 335 1009 400 ad
1041 338 1069 398 Β

348 443 446 507 ducta
472 442 652 507 communis
685 446 735 505 est
768 442 869 507 sectio
903 441 992 525 plani
1026 463 1071 504 se·

349 549 453 614 cantis
478 552 511 613 et
535 547 718 633 superficiei
742 547 888 631 conicae,
912 550 1074 612 recteest

348 658 424 719 ΑΒ.
470 658 503 719 et
526 655 637 720 eadem
662 653 700 718 de
725 675 822 719 causa
845 655 919 716 ΑΓ.
959 673 1073 717 uerum

350 761 448 825 etiam
480 765 551 826 ΒΓ
582 764 671 826 recta
705 762 764 826 est.
822 759 933 843 itaque
965 760 1078 822 ΑΒΓ

305 838 532 951 ptriangulus
557 872 616 933 est.

124 992 201 1057 ergo
230 973 258 1037 si
286 994 385 1038 conus
412 974 510 1057 plano
537 997 596 1059 per
623 973 777 1039 uerticem
801 974 942 1054 secatur,
971 970 1073 1035 sectio

57 1077 242 1163 triangulus
270 1080 328 1144 est.

538 1219 593 1286 IV.

126 1339 160 1407 si
188 1341 345 1407 utralibet
372 1344 558 1426 superficies
587 1365 711 1427 earum,
739 1364 821 1427 quae
850 1343 891 1407 ad
918 1344 1073 1407 uerticem

58 1451 136 1513 sunt
156 1449 241 1514 inter
260 1470 302 1531 se,
325 1449 423 1532 plano
443 1455 572 1515 secatur
591 1449 699 1532 aliquo
719 1451 748 1513 ci
767 1449 888 1513 circulo
908 1448 1075 1532 parallelo,

56 1576 115 1639 per
138 1577 233 1639 quem
256 1554 360 1620 fertur
381 1559 471 1620 recta
494 1556 696 1641 superficiem
720 1553 914 1637 describens,
939 1554 1072 1638 planum

56 1661 144 1724 intra
167 1661 371 1745 superficiem
395 1663 663 1746 comprehensum
687 1662 826 1726 circulus
848 1661 911 1724 erit
929 1662 1074 1724 centrum

56 1767 92 1832 in
119 1789 178 1832 axe
205 1767 344 1849 habens,
377 1769 482 1854 figura
511 1772 620 1833 autern
648 1791 668 1833 a
696 1768 814 1833 circulo
846 1771 879 1831 et
907 1766 1074 1850 superficie

57 1873 170 1938 conica
191 1873 291 1958 plano
312 1878 439 1939 secante
459 1875 587 1939 abscisa
606 1874 647 1939 ad
666 1874 821 1939 uerticem
840 1873 1074 1956 comprehensa

58 2000 159 2044 conus
183 1980 253 2043 erit.

127 2084 169 2148 sit
192 2085 377 2168 superficies
400 2087 522 2171 conica,
545 2088 635 2152 cuius
659 2091 771 2151 uertex
795 2087 840 2150 sit
859 2091 891 2149 A
909 2089 1074 2169 punctum,

57 2191 197 2257 circulus
231 2195 357 2277 autem,
392 2215 450 2277 per
483 2216 578 2277 quem
611 2194 715 2258 fertur
747 2195 836 2257 recta
871 2191 1073 2276 superficiem

57 2984 258 3068 describens,
285 2988 360 3068 ΒΓ,
388 2989 420 3049 et
447 2987 573 3049 secetur
600 2983 700 3066 plano
729 2983 838 3068 aliquo
866 2984 985 3048 circulo
1012 2986 1079 3047 ΒΓ

54 3090 224 3177 parallelo,
245 3095 278 3156 et
296 3091 412 3156 hocin
431 3090 598 3175 superficie
619 3091 793 3156 sectionem
812 3089 936 3156 efficiat
953 3090 1073 3153 lineam

56 3201 135 3263 ΛΕ.
178 3197 260 3277 dice,
283 3197 402 3262 lineam
422 3202 491 3262 Aa
513 3197 672 3262 circulum
695 3219 765 3262 esse
789 3200 937 3261 centrum
961 3196 996 3259 in
1015 3218 1073 3259 axe

55 3302 242 3368 habentem.

124 3412 272 3475 sumatur
300 3410 388 3474 enim
411 3413 438 3471 Z
467 3413 611 3474 centrum
640 3410 751 3475 circuli
773 3412 849 3488 ΒΓ,
878 3412 911 3472 et
938 3408 1074 3472 ducatur

56 3522 131 3582 AZ.
183 3517 252 3582 axis
280 3516 382 3602 igitur
409 3519 460 3580 est
488 3515 562 3596 [def.
588 3518 624 3597 1]
653 3519 686 3580 et
714 3537 787 3580 cum
815 3516 913 3599 plano
943 3517 1074 3578 secante
