2438 3892
120 153 186 233 282
518 151 686 204 Κααιαιεει
704 146 743 221 μ’.

120 298 181 362 τοῦ
210 302 242 361 A
269 298 308 381 τῇ
338 299 402 360 ΕΘ
430 290 641 378 παράλληλος
668 293 764 379 η’χθω
793 289 815 378 ἡ
843 299 928 359 ΑΔ·
975 296 1063 359 ἔσται
1087 289 1120 376 δῇ

123 411 177 488 ἴση
206 402 226 488 η
251 407 318 467 ΛΘ
344 405 383 488 τῇ
408 407 490 483 ΛΖ,
520 399 589 467 ἐπεὶ
614 398 669 466 καῖ
693 398 714 484 λγ
739 405 804 466 ZA
826 401 866 487 τῇ
889 405 960 466 ΑΕ
982 406 1035 484 ἴση
1059 399 1122 466 ἐστί.

121 513 180 575 καί
206 509 274 575 ἐστι
303 510 445 574 δοθεῖσα
468 503 488 591 ῇ
512 512 586 572 ΖΘ·
633 505 738 574 δοθὲν
763 505 890 588 ἄρατὸ
915 513 956 572 Δ.
1003 506 1057 572 καῖ
1079 502 1122 572 διὰ

124 614 309 701 δεδομένου
340 617 402 681 τοῦ
434 620 467 679 Δ
499 610 589 696 παρὰ
620 613 714 680 θέσει
746 610 808 698 τὴν
836 618 900 680 ΕΘ
928 610 1124 700 παράλληλος

87 714 217 806 ὅῇκται
241 718 262 807 ἡ
287 728 370 787 ΔΑ·
415 720 509 786 θέσει
533 717 598 805 ἄρα
622 721 712 787 ε’στῖν
736 716 757 805 ῇ
783 727 863 786 ΔΑ.
903 721 1000 786 θέσει
1015 718 1061 786 δὲ
1081 717 1124 785 καλ

122 824 142 913 ἡ
170 824 267 913 τομῇ·
319 826 425 894 δοθὲν
454 824 519 912 ι’λρα
545 829 582 894 τὸ
607 834 646 893 A.
693 823 778 893 ἀλλὰ
805 826 861 893 καὶ
888 829 927 893 τὸ
952 833 999 915 ΙΖ·
1044 827 1124 894 θέσει

123 931 187 1020 ἄρα
211 929 231 1020 ῇ
257 939 364 1000 ΖΑΕ.

190 1037 431 1124 σνντεθῇσεται
455 1037 497 1124 δῇ
522 1036 641 1118 οὕτως·
680 1044 763 1128 ἔστω
787 1037 807 1126 ῇ
831 1035 917 1126 τομῇ
941 1040 962 1126 ἡ
982 1045 1061 1123 AB,
1081 1037 1126 1105 καῖ

124 1147 162 1212 αἴ
187 1152 262 1231 ΕΘ,
286 1150 347 1210 ΘΖ
375 1141 603 1230 ἆσύμπτωτοι,
633 1144 690 1211 καὶ
718 1149 754 1212 τὸ
783 1145 889 1213 δοθὲν
918 1159 1059 1232 σημεῖον
1083 1145 1127 1212 ἐπλ

73 1264 105 1312 10
124 1254 201 1338 μιᾶς
223 1253 291 1317 τῶν
310 1247 540 1335 ἀσυμπτιέτων
557 1260 626 1318 τοῖν
645 1255 873 1338 περιεχουσῶν
891 1250 956 1337 τὴν
975 1251 1080 1339 τομὴν
1096 1249 1127 1319 τὸ

124 1364 162 1441 Ζ,
185 1356 240 1423 καῖ
263 1356 439 1443 τετμήσθω
463 1354 483 1442 ἡ
503 1363 564 1423 ΖΘ
588 1360 664 1443 δίχα
687 1356 770 1424 κατὰ
793 1360 830 1424 τὸ
851 1365 896 1442 Δ,“
919 1359 975 1426 καὶ
1001 1357 1056 1426 διδι
1078 1360 1128 1425 τοῦ

124 1473 158 1531 Δ
180 1467 220 1551 τῇ
240 1471 305 1531 ΘΕ
326 1463 537 1549 παράλληλος
559 1461 655 1549 ῇχθω
678 1464 699 1549 ἡ
720 1471 804 1549 ΔΑ,
827 1463 883 1531 καὶ
908 1464 1091 1551 ἐπεζεύχθω
1111 1463 1128 1549 ἡ

125 1577 197 1637 ΖΑ.
242 1571 299 1638 καῖ
322 1571 391 1638 ἐπεὶ
416 1579 470 1657 ἴση
495 1570 586 1637 ἐστὶν
608 1567 629 1657 ἡ
654 1577 722 1637 ΖΛ
744 1575 784 1659 τῇ
809 1576 892 1655 ΔΘ,
917 1579 973 1658 ἴση
998 1570 1063 1658 ἄρα
1082 1570 1130 1638 καὶ

124 1675 144 1764 ἡ
169 1684 234 1744 ZA
261 1681 301 1765 τῇ
325 1685 400 1745 ΑΕ.
446 1675 530 1745 ὥστε
558 1674 614 1744 διδι
643 1676 682 1743 τδι
707 1679 972 1766 προδεδειγμένα
995 1677 1017 1764 η
1042 1682 1132 1745 ΖΑἴῖ

71 1794 104 1844 15
124 1783 302 1875 ἐφάπτεται
325 1794 383 1869 τῆς
404 1795 514 1869 τομῆς.

190 1892 257 1956 τῶν
290 1887 403 1956 αὐτῶν
430 1885 659 1975 ὑποκειμένων
687 1895 770 1958 ἐστω
798 1894 835 1957 τὸ
865 1889 972 1959 δοθὲν
1002 1904 1131 1977 σημεῖον

124 1997 160 2061 ἐν
188 1998 234 2084 τῷ
257 1991 323 2061 ὑπὸ
345 1993 408 2080 τὴν
431 1998 559 2079 γωνίαν
582 1996 643 2082 τὴν
668 1999 741 2083 έξῇς
763 1996 854 2086 τόπφ
877 2000 947 2064 τῶν
966 2021 1130 2084 περιεχου·

111 2103 195 2166 σῶν
218 2097 280 2185 την
304 2098 425 2185 τομήν,
452 2100 508 2167 καὶ
533 2105 615 2169 ἔστω
639 2106 676 2169 τὸ
699 2109 745 2168 Κ·
793 2106 846 2170 δεῖ
867 2100 910 2188 δῇ
934 2101 1001 2172 ἀπὸ
1024 2107 1086 2172 τοῦ
1106 2107 1134 2169 Κ

124 2204 263 2290 ἀγαγεῖν
292 2206 526 2293 ἐφαπτομένην
554 2211 612 2294 τῇς
640 2211 752 2293 τομῆς.
797 2208 852 2275 καὶ
876 2211 1060 2296 γεγονέτω,
1086 2208 1134 2276 καῖ

71 2327 106 2374 20
125 2318 207 2380 ε’στω
242 2311 262 2398 ἡ
292 2319 377 2397 ΚΑ,
409 2314 465 2381 καὶ
499 2315 729 2400 ἐπιζευχθεῖσα
761 2312 781 2401 ἡ
810 2322 877 2382 ΚΘ
909 2317 1134 2403 ἐκβεβλήσθω·

126 2426 216 2488 ἔσται
245 2418 286 2507 δῇ
313 2422 416 2488 θέσει.
462 2419 520 2488 ἐὰν
545 2424 586 2505 δὴ
612 2420 664 2486 ἐπὶ
687 2424 745 2505 τῇς
767 2426 871 2507 τομῇς
893 2428 1011 2511 ληφθῇ
1037 2422 1134 2491 δοθὲν

126 2541 264 2614 σημεῖον
298 2525 335 2595 τὸ
364 2533 406 2613 Γ,
439 2527 494 2594 καῖ
528 2528 583 2593 διὰ
617 2538 678 2595 τοῦ
707 2532 740 2593 Γ
761 2532 801 2615 τῇ
833 2534 900 2594 ΚΘ
928 2529 1135 2615 παράλληλος

126 2633 216 2724 ἀχθῇ
239 2638 260 2721 ἡ
285 2641 316 2702 Γ
312 2643 356 2720 Δ,
380 2639 471 2701 ἐσται
493 2635 596 2701 θέσει.
637 2633 693 2700 καὶ
717 2634 775 2701 ἐὰν
799 2638 909 2722 τμηθῇ
933 2632 953 2720 ῇ
979 2641 1043 2703 ΓΔ
1067 2639 1135 2722 δίχα

125 2739 208 2806 κατὰ
236 2741 274 2809 τὸ
301 2750 346 2829 Ε,
374 2742 429 2809 καὶ
457 2745 687 2828 ἐπιζευχθεῖσα
714 2738 735 2827 ῇ
764 2748 830 2807 ΘΕ
856 2743 1021 2830 ἐκβληθῇ,
1052 2747 1134 2810 ἔσται

72 2856 106 2904 25
125 2847 220 2912 θέσει
252 2847 428 2934 διάμετρος
456 2840 541 2915 οὖσα
570 2852 713 2933 συζυγὴς
743 2850 782 2935 τῇ
811 2853 886 2914 ΚΘ.
944 2854 1072 2914 κείσθω
1101 2850 1134 2930 δὴ

125 2961 163 3036 τῇ
184 2956 247 3016 ΒΘ
270 2961 325 3037 ἴση
349 2950 370 3038 ῇ
389 2961 472 3039 ΘΗ,
495 2955 551 3021 καὶ
576 2952 632 3020 διὰ
655 2957 716 3022 τοῦ
736 2961 768 3020 A
790 2965 830 3042 τῇ
849 2962 912 3021 ΒΘ
930 2953 1136 3039 παράλληλος

126 3053 220 3143 ῇχθω
250 3053 270 3140 ῇ
297 3065 377 3124 AA·
424 3065 516 3127 ἐσται
545 3064 586 3147 δὴ
616 3058 672 3128 διὰ
699 3058 736 3128 τὸ
766 3057 853 3127 εἶναι
881 3060 938 3138 τὰς
961 3066 1051 3143 ΚΛ,
1075 3062 1139 3126 ΒΗ

127 3168 277 3246 συζυγεῖς
308 3166 506 3251 διαμέτρους
537 3168 592 3234 καῖ
626 3168 861 3252 ἐφαπτομένην
892 3169 954 3250 τὴν
984 3172 1058 3232 ΑΚ
1088 3164 1135 3232 καῖ

126 3272 187 3353 τὴν
211 3276 279 3333 AA
306 3267 470 3355 ἀχθεῖσαν
498 3271 587 3358 παρὰ
616 3278 677 3359 τὴν
700 3280 772 3339 ΒΗ
794 3271 830 3339 τὸ
854 3269 921 3338 ὑπὸ
944 3283 1014 3338 τῶν
1039 3277 1136 3339 ΚΘΛ

194 3435 218 3483 8.
230 3425 279 3499 δῇ]
290 3447 316 3497 p,
327 3425 360 3480 δέ
371 3427 403 3483 V.
444 3435 484 3482 10.
495 3430 564 3501 τῶν]
573 3433 644 3500 (ολδ.)
656 3434 707 3485 καί
714 3432 771 3502 Vp3
783 3447 852 3485 corr.
859 3431 964 3486 Comm.
1004 3437 1045 3484 14.
1059 3431 1136 3498 ΖΔΕ]

128 3501 235 3571 scripsi,
251 3505 297 3554 ZA
310 3497 363 3568 Vp.
406 3506 448 3554 24.
466 3501 531 3570 ΘΕ]
548 3504 626 3555 ΘΕΑ
641 3503 675 3568 V;
687 3503 884 3568 corr.Memus;
896 3505 977 3557 ΘΕΒ
989 3520 1012 3568 c,
1022 3506 1136 3570 ΕΒΘρ.
