<?xml version="1.0" encoding="UTF-8"?>
<!DOCTYPE html PUBLIC "-//W3C//DTD XHTML 1.0 Transitional//EN"
    "http://www.w3.org/TR/xhtml1/DTD/xhtml1-transitional.dtd">
<html xmlns="http://www.w3.org/1999/xhtml" xml:lang="en" lang="en">
 <head>
  <title>
</title>
<meta http-equiv="Content-Type" content="text/html;charset=utf-8" />
  <meta name='ocr-system' content='tesseract 3.04.00' />
  <meta name='ocr-capabilities' content='ocr_page ocr_carea ocr_par ocr_line ocrx_word'/>
</head>
<body>
  <div class='ocr_page' id='page_1' title='image "./apolloniipergae00apolgoog_0350.png"; bbox 0 0 2438 3892; ppageno 0'>
   <div class='ocr_carea' id='block_1_1' title="bbox 120 146 745 220">
    <p class='ocr_par' dir='ltr' id='par_1_1' title="bbox 120 146 745 220">
     <span class='ocr_line' id='line_1_1' title="bbox 120 146 745 220; baseline 0 0"><span class='ocrx_word' id='word_1_1' title='bbox 120 155 187 220; x_wconf 83' lang='lat'><strong><em>332</em></strong></span> <span class='ocrx_word' id='word_1_2' title='bbox 521 152 689 205; x_wconf 70' lang='grc' dir='ltr'><strong><em>ΚΩΝΙΚΩΝ</em></strong></span> <span class='ocrx_word' id='word_1_3' title='bbox 711 146 745 220; x_wconf 77' lang='grc' dir='ltr'><strong><em>ν’·</em></strong></span> 
     </span>
    </p>
   </div>
   <div class='ocr_carea' id='block_1_2' title="bbox 73 278 1142 3398">
    <p class='ocr_par' dir='ltr' id='par_1_2' title="bbox 120 278 1130 706">
     <span class='ocr_line' id='line_1_2' title="bbox 120 278 1126 383; baseline -0.005 -20"><span class='ocrx_word' id='word_1_4' title='bbox 120 301 203 383; x_wconf 84' lang='grc' dir='ltr'><strong><em>πρὸς</em></strong></span> <span class='ocrx_word' id='word_1_5' title='bbox 226 303 297 363; x_wconf 91' lang='grc' dir='ltr'><strong><em>ΒΖ.</em></strong></span> <span class='ocrx_word' id='word_1_6' title='bbox 343 299 404 363; x_wconf 84' lang='grc' dir='ltr'><strong><em>καί</em></strong></span> <span class='ocrx_word' id='word_1_7' title='bbox 423 297 514 362; x_wconf 79' lang='grc' dir='ltr'><strong><em>ἐστιν</em></strong></span> <span class='ocrx_word' id='word_1_8' title='bbox 538 291 639 380; x_wconf 82' lang='grc' dir='ltr'><strong><em>ὅμοιοι</em></strong></span> <span class='ocrx_word' id='word_1_9' title='bbox 661 291 702 359; x_wconf 83' lang='grc' dir='ltr'><strong><em>τὰ</em></strong></span> <span class='ocrx_word' id='word_1_10' title='bbox 725 278 875 378; x_wconf 76' lang='grc' dir='ltr'><strong><em>τρίγωνα</em></strong></span> <span class='ocrx_word' id='word_1_11' title='bbox 900 288 958 358; x_wconf 77' lang='grc' dir='ltr'><strong><em>διὰ</em></strong></span> <span class='ocrx_word' id='word_1_12' title='bbox 980 289 1040 371; x_wconf 82' lang='grc' dir='ltr'><strong><em>τὰς</em></strong></span> <span class='ocrx_word' id='word_1_13' title='bbox 1060 314 1126 375; x_wconf 86' lang='grc' dir='ltr'><strong><em>πνρ-</em></strong></span> 
     </span>
     <span class='ocr_line' id='line_1_3' title="bbox 120 399 1128 488; baseline -0.007 -17"><span class='ocrx_word' id='word_1_14' title='bbox 120 401 302 488; x_wconf 83' lang='grc' dir='ltr'><strong><em>αλλήλονς·</em></strong></span> <span class='ocrx_word' id='word_1_15' title='bbox 339 399 383 481; x_wconf 86' lang='grc' dir='ltr'><strong><em>ῶς</em></strong></span> <span class='ocrx_word' id='word_1_16' title='bbox 406 399 473 486; x_wconf 75' lang='grc' dir='ltr'><strong><em>ἄρα</em></strong></span> <span class='ocrx_word' id='word_1_17' title='bbox 495 403 533 468; x_wconf 87' lang='grc' dir='ltr'><strong><em>τὸ</em></strong></span> <span class='ocrx_word' id='word_1_18' title='bbox 553 404 653 467; x_wconf 91' lang='grc' dir='ltr'><strong><em>ΓΤΑ</em></strong></span> <span class='ocrx_word' id='word_1_19' title='bbox 674 402 844 485; x_wconf 79' lang='grc' dir='ltr'><strong><em>τρίγωνον</em></strong></span> <span class='ocrx_word' id='word_1_20' title='bbox 868 402 953 481; x_wconf 83' lang='grc' dir='ltr'><strong><em>πρὸς</em></strong></span> <span class='ocrx_word' id='word_1_21' title='bbox 970 403 1008 466; x_wconf 87' lang='grc' dir='ltr'><strong><em>τὸ</em></strong></span> <span class='ocrx_word' id='word_1_22' title='bbox 1027 403 1128 483; x_wconf 82' lang='grc' dir='ltr'><em>ΑΘΗ,</em></span> 
     </span>
     <span class='ocr_line' id='line_1_4' title="bbox 121 503 1130 594; baseline -0.004 -17"><span class='ocrx_word' id='word_1_23' title='bbox 121 514 159 577; x_wconf 88' lang='grc' dir='ltr'><strong><em>τὸ</em></strong></span> <span class='ocrx_word' id='word_1_24' title='bbox 186 512 288 585; x_wconf 71' lang='grc' dir='ltr'><strong><em>ΕΒΑ</em></strong></span> <span class='ocrx_word' id='word_1_25' title='bbox 314 513 397 594; x_wconf 86' lang='grc' dir='ltr'><strong><em>πρὸς</em></strong></span> <span class='ocrx_word' id='word_1_26' title='bbox 423 510 462 574; x_wconf 88' lang='grc' dir='ltr'><strong><em>τὸ</em></strong></span> <span class='ocrx_word' id='word_1_27' title='bbox 490 513 595 575; x_wconf 83' lang='grc' dir='ltr'><em>ΘΒΖ.</em></span> <span class='ocrx_word' id='word_1_28' title='bbox 645 505 702 572; x_wconf 82' lang='grc' dir='ltr'><strong><em>καὶ</em></strong></span> <span class='ocrx_word' id='word_1_29' title='bbox 731 503 887 585; x_wconf 78' lang='grc' dir='ltr'><strong><em>ἐναλλάξ·</em></strong></span> <span class='ocrx_word' id='word_1_30' title='bbox 936 513 1013 573; x_wconf 80' lang='grc' dir='ltr'><strong><em>ἴσον</em></strong></span> <span class='ocrx_word' id='word_1_31' title='bbox 1041 503 1077 572; x_wconf 68' lang='grc' dir='ltr'><strong><em>δὲ</em></strong></span> <span class='ocrx_word' id='word_1_32' title='bbox 1099 509 1130 573; x_wconf 80' lang='grc' dir='ltr'><strong><em>τὸ</em></strong></span> 
     </span>
     <span class='ocr_line' id='line_1_5' title="bbox 122 610 1129 706; baseline -0.006 -23"><span class='ocrx_word' id='word_1_33' title='bbox 122 622 228 683; x_wconf 83' lang='grc' dir='ltr'><strong><em>ΑΗΘ</em></strong></span> <span class='ocrx_word' id='word_1_34' title='bbox 254 618 300 706; x_wconf 77' lang='grc' dir='ltr'><strong><em>τῶ</em></strong></span> <span class='ocrx_word' id='word_1_35' title='bbox 329 620 439 681; x_wconf 77' lang='grc' dir='ltr'><em>ΕΖΒ·</em></span> <span class='ocrx_word' id='word_1_36' title='bbox 485 621 562 680; x_wconf 71' lang='grc' dir='ltr'><strong><em>ἴσον</em></strong></span> <span class='ocrx_word' id='word_1_37' title='bbox 591 612 659 698; x_wconf 74' lang='grc' dir='ltr'><strong><em>ἄρα</em></strong></span> <span class='ocrx_word' id='word_1_38' title='bbox 684 610 742 678; x_wconf 82' lang='grc' dir='ltr'><strong><em>καὶ</em></strong></span> <span class='ocrx_word' id='word_1_39' title='bbox 769 614 806 678; x_wconf 89' lang='grc' dir='ltr'><strong><em>τὸ</em></strong></span> <span class='ocrx_word' id='word_1_40' title='bbox 840 617 943 679; x_wconf 89' lang='grc' dir='ltr'><strong><em>ΤΑΓ</em></strong></span> <span class='ocrx_word' id='word_1_41' title='bbox 964 615 1012 701; x_wconf 82' lang='grc' dir='ltr'><strong><em>τῶ</em></strong></span> <span class='ocrx_word' id='word_1_42' title='bbox 1035 614 1129 687; x_wconf 63' lang='lat' dir='ltr'><em>ABE.</em></span> 
     </span>
    </p>

    <p class='ocr_par' dir='ltr' id='par_1_3' title="bbox 87 713 1133 1023">
     <span class='ocr_line' id='line_1_6' title="bbox 87 713 1130 809; baseline -0.005 -20"><span class='ocrx_word' id='word_1_43' title='bbox 87 747 103 796; x_wconf 79' lang='lat'><strong>5</strong></span> <span class='ocrx_word' id='word_1_44' title='bbox 124 713 173 789; x_wconf 88' lang='grc' dir='ltr'><strong><em>ῶν</em></strong></span> <span class='ocrx_word' id='word_1_45' title='bbox 196 725 233 788; x_wconf 90' lang='grc' dir='ltr'><strong><em>τὸ</em></strong></span> <span class='ocrx_word' id='word_1_46' title='bbox 258 727 366 788; x_wconf 82' lang='grc' dir='ltr'><strong><em>ΑΗΘ</em></strong></span> <span class='ocrx_word' id='word_1_47' title='bbox 389 727 465 787; x_wconf 73' lang='grc' dir='ltr'><strong><em>ἴσον</em></strong></span> <span class='ocrx_word' id='word_1_48' title='bbox 489 722 626 806; x_wconf 79' lang='grc' dir='ltr'><strong><em>ἐδείχθη</em></strong></span> <span class='ocrx_word' id='word_1_49' title='bbox 649 721 695 809; x_wconf 81' lang='grc' dir='ltr'><strong><em>τῶ</em></strong></span> <span class='ocrx_word' id='word_1_50' title='bbox 720 723 831 784; x_wconf 84' lang='grc' dir='ltr'><em>ΒΘΖ·</em></span> <span class='ocrx_word' id='word_1_51' title='bbox 873 721 994 786; x_wconf 89' lang='grc' dir='ltr'><strong><em>λοιπὸν</em></strong></span> <span class='ocrx_word' id='word_1_52' title='bbox 1018 716 1130 804; x_wconf 76' lang='grc' dir='ltr'><strong><em>ἄρατὸ</em></strong></span> 
     </span>
     <span class='ocr_line' id='line_1_7' title="bbox 124 821 1133 916; baseline -0.004 -23"><span class='ocrx_word' id='word_1_53' title='bbox 124 833 192 893; x_wconf 80' lang='grc' dir='ltr'><strong><em>ΔΘ</em></strong></span> <span class='ocrx_word' id='word_1_54' title='bbox 223 829 468 912; x_wconf 83' lang='grc' dir='ltr'><strong><em>τετράπλευρον</em></strong></span> <span class='ocrx_word' id='word_1_55' title='bbox 501 835 577 893; x_wconf 72' lang='grc' dir='ltr'><strong><em>ἴσον</em></strong></span> <span class='ocrx_word' id='word_1_56' title='bbox 608 829 655 916; x_wconf 79' lang='grc' dir='ltr'><strong><em>τῷ</em></strong></span> <span class='ocrx_word' id='word_1_57' title='bbox 683 830 754 892; x_wconf 82' lang='grc' dir='ltr'><strong><em>ΓΘ.</em></strong></span> <span class='ocrx_word' id='word_1_58' title='bbox 801 821 886 892; x_wconf 83' lang='grc' dir='ltr'><strong><em>ῶστε</em></strong></span> <span class='ocrx_word' id='word_1_59' title='bbox 919 824 976 891; x_wconf 83' lang='grc' dir='ltr'><strong><em>καὶ</em></strong></span> <span class='ocrx_word' id='word_1_60' title='bbox 1007 827 1045 892; x_wconf 87' lang='grc' dir='ltr'><strong><em>τὸ</em></strong></span> <span class='ocrx_word' id='word_1_61' title='bbox 1069 829 1133 891; x_wconf 86' lang='grc' dir='ltr'><strong><em>ΛΗ</em></strong></span> 
     </span>
     <span class='ocr_line' id='line_1_8' title="bbox 123 936 265 1023; baseline -0.014 -23"><span class='ocrx_word' id='word_1_62' title='bbox 123 936 168 1023; x_wconf 80' lang='grc' dir='ltr'><strong><em>τῶ</em></strong></span> <span class='ocrx_word' id='word_1_63' title='bbox 195 937 265 998; x_wconf 91' lang='grc' dir='ltr'><strong><em>ΓΖ.</em></strong></span> 
     </span>
    </p>

    <p class='ocr_par' dir='ltr' id='par_1_4' title="bbox 125 1035 1132 1237">
     <span class='ocr_line' id='line_1_9' title="bbox 191 1035 1132 1126; baseline -0.001 -22"><span class='ocrx_word' id='word_1_64' title='bbox 191 1037 246 1105; x_wconf 82' lang='grc' dir='ltr'><strong><em>κοιλ</em></strong></span> <span class='ocrx_word' id='word_1_65' title='bbox 277 1039 344 1106; x_wconf 79' lang='grc' dir='ltr'><strong><em>ἐπεὶ</em></strong></span> <span class='ocrx_word' id='word_1_66' title='bbox 378 1037 592 1124; x_wconf 81' lang='grc' dir='ltr'><strong><em>παράλληλός</em></strong></span> <span class='ocrx_word' id='word_1_67' title='bbox 624 1039 716 1106; x_wconf 82' lang='grc' dir='ltr'><strong><em>ἐστιν</em></strong></span> <span class='ocrx_word' id='word_1_68' title='bbox 744 1035 765 1124; x_wconf 80' lang='grc' dir='ltr'><em>ἡ</em></span> <span class='ocrx_word' id='word_1_69' title='bbox 796 1043 860 1105; x_wconf 90' lang='grc' dir='ltr'><strong><em>ΓΟ</em></strong></span> <span class='ocrx_word' id='word_1_70' title='bbox 892 1041 932 1126; x_wconf 79' lang='grc' dir='ltr'><strong><em>τῇ</em></strong></span> <span class='ocrx_word' id='word_1_71' title='bbox 961 1046 1041 1120; x_wconf 90' lang='grc' dir='ltr'><strong><em>ΑΖ,</em></strong></span> <span class='ocrx_word' id='word_1_72' title='bbox 1067 1045 1132 1103; x_wconf 71' lang='grc' dir='ltr'><strong><em>ἴσον</em></strong></span> 
     </span>
     <span class='ocr_line' id='line_1_10' title="bbox 125 1143 1131 1237; baseline -0.003 -25"><span class='ocrx_word' id='word_1_73' title='bbox 125 1144 194 1212; x_wconf 82' lang='grc' dir='ltr'><strong><em>ἐστὶ</em></strong></span> <span class='ocrx_word' id='word_1_74' title='bbox 222 1148 259 1211; x_wconf 89' lang='grc' dir='ltr'><strong><em>τὸ</em></strong></span> <span class='ocrx_word' id='word_1_75' title='bbox 283 1149 384 1211; x_wconf 89' lang='grc' dir='ltr'><strong><em>ΓΟΕ</em></strong></span> <span class='ocrx_word' id='word_1_76' title='bbox 403 1150 572 1230; x_wconf 79' lang='grc' dir='ltr'><strong><em>τρίγωνον</em></strong></span> <span class='ocrx_word' id='word_1_77' title='bbox 594 1147 640 1237; x_wconf 85' lang='grc' dir='ltr'><strong><em>τῶ</em></strong></span> <span class='ocrx_word' id='word_1_78' title='bbox 663 1150 773 1212; x_wconf 86' lang='grc' dir='ltr'><em>ΑΕΖ.</em></span> <span class='ocrx_word' id='word_1_79' title='bbox 819 1143 944 1230; x_wconf 84' lang='grc' dir='ltr'><strong><em>ὁμοίως</em></strong></span> <span class='ocrx_word' id='word_1_80' title='bbox 968 1143 1007 1211; x_wconf 72' lang='grc' dir='ltr'><strong><em>δὲ</em></strong></span> <span class='ocrx_word' id='word_1_81' title='bbox 1029 1143 1131 1212; x_wconf 82' lang='grc' dir='ltr'><strong><em>καὶτὸ</em></strong></span> 
     </span>
    </p>

    <p class='ocr_par' dir='ltr' id='par_1_5' title="bbox 73 1247 1132 1659">
     <span class='ocr_line' id='line_1_11' title="bbox 73 1247 1132 1343; baseline -0.004 -25"><span class='ocrx_word' id='word_1_82' title='bbox 73 1278 106 1328; x_wconf 88' lang='lat'><strong><em>10</em></strong></span> <span class='ocrx_word' id='word_1_83' title='bbox 126 1257 223 1318; x_wconf 87' lang='lat' dir='ltr'><strong><em>AEI</em></strong></span> <span class='ocrx_word' id='word_1_84' title='bbox 241 1254 287 1341; x_wconf 77' lang='grc' dir='ltr'><strong><em>τῷ</em></strong></span> <span class='ocrx_word' id='word_1_85' title='bbox 311 1256 423 1318; x_wconf 89' lang='grc' dir='ltr'><em>ΒΕΗ.</em></span> <span class='ocrx_word' id='word_1_86' title='bbox 469 1248 554 1319; x_wconf 80' lang='grc' dir='ltr'><strong><em>ἆλλδι</em></strong></span> <span class='ocrx_word' id='word_1_87' title='bbox 577 1255 615 1320; x_wconf 88' lang='grc' dir='ltr'><strong><em>τὸ</em></strong></span> <span class='ocrx_word' id='word_1_88' title='bbox 639 1258 742 1319; x_wconf 87' lang='grc' dir='ltr'><strong><em>ΒΕΗ</em></strong></span> <span class='ocrx_word' id='word_1_89' title='bbox 763 1255 809 1343; x_wconf 76' lang='grc' dir='ltr'><strong><em>τῷ</em></strong></span> <span class='ocrx_word' id='word_1_90' title='bbox 833 1257 934 1318; x_wconf 92' lang='grc' dir='ltr'><strong><em>ΑΕΖ</em></strong></span> <span class='ocrx_word' id='word_1_91' title='bbox 957 1258 1049 1319; x_wconf 74' lang='grc' dir='ltr'><strong><em>ἴσον</em></strong></span> <span class='ocrx_word' id='word_1_92' title='bbox 1085 1247 1132 1316; x_wconf 83' lang='grc' dir='ltr'><strong><em>καλ</em></strong></span> 
     </span>
     <span class='ocr_line' id='line_1_12' title="bbox 125 1355 1132 1449; baseline -0.001 -26"><span class='ocrx_word' id='word_1_93' title='bbox 125 1361 162 1424; x_wconf 90' lang='grc' dir='ltr'><strong><em>τὸ</em></strong></span> <span class='ocrx_word' id='word_1_94' title='bbox 187 1363 288 1424; x_wconf 90' lang='grc' dir='ltr'><strong><em>ΓΟΕ</em></strong></span> <span class='ocrx_word' id='word_1_95' title='bbox 309 1355 375 1444; x_wconf 74' lang='grc' dir='ltr'><strong><em>ἄρα</em></strong></span> <span class='ocrx_word' id='word_1_96' title='bbox 399 1365 475 1425; x_wconf 75' lang='grc' dir='ltr'><strong><em>ἴσον</em></strong></span> <span class='ocrx_word' id='word_1_97' title='bbox 499 1360 544 1449; x_wconf 80' lang='grc' dir='ltr'><strong><em>τῶ</em></strong></span> <span class='ocrx_word' id='word_1_98' title='bbox 566 1363 668 1425; x_wconf 87' lang='grc' dir='ltr'><em>ΛΕΙ.</em></span> <span class='ocrx_word' id='word_1_99' title='bbox 710 1362 779 1430; x_wconf 79' lang='grc' dir='ltr'><strong><em>ἔστι</em></strong></span> <span class='ocrx_word' id='word_1_100' title='bbox 804 1356 842 1424; x_wconf 73' lang='grc' dir='ltr'><strong><em>δὲ</em></strong></span> <span class='ocrx_word' id='word_1_101' title='bbox 864 1357 920 1425; x_wconf 84' lang='grc' dir='ltr'><strong><em>καὶ</em></strong></span> <span class='ocrx_word' id='word_1_102' title='bbox 942 1361 981 1425; x_wconf 89' lang='grc' dir='ltr'><strong><em>τὸ</em></strong></span> <span class='ocrx_word' id='word_1_103' title='bbox 1001 1364 1072 1424; x_wconf 91' lang='lat' dir='ltr'><strong><em>HA</em></strong></span> <span class='ocrx_word' id='word_1_104' title='bbox 1091 1380 1132 1422; x_wconf 85' lang='grc' dir='ltr'><strong><em>τε-</em></strong></span> 
     </span>
     <span class='ocr_line' id='line_1_13' title="bbox 125 1460 1132 1558; baseline -0.003 -29"><span class='ocrx_word' id='word_1_105' title='bbox 125 1463 336 1552; x_wconf 79' lang='grc' dir='ltr'><strong><em>τράπλευρον</em></strong></span> <span class='ocrx_word' id='word_1_106' title='bbox 361 1471 437 1532; x_wconf 73' lang='grc' dir='ltr'><strong><em>ἴσον</em></strong></span> <span class='ocrx_word' id='word_1_107' title='bbox 460 1467 506 1558; x_wconf 76' lang='grc' dir='ltr'><strong><em>τῷ</em></strong></span> <span class='ocrx_word' id='word_1_108' title='bbox 531 1470 601 1532; x_wconf 91' lang='grc' dir='ltr'><strong><em>ΖΓ.</em></strong></span> <span class='ocrx_word' id='word_1_109' title='bbox 643 1462 725 1533; x_wconf 83' lang='grc' dir='ltr'><strong><em>ὅλον</em></strong></span> <span class='ocrx_word' id='word_1_110' title='bbox 749 1461 814 1551; x_wconf 70' lang='grc' dir='ltr'><strong><em>ἄρα</em></strong></span> <span class='ocrx_word' id='word_1_111' title='bbox 836 1467 875 1532; x_wconf 89' lang='grc' dir='ltr'><strong><em>τὸ</em></strong></span> <span class='ocrx_word' id='word_1_112' title='bbox 899 1465 955 1539; x_wconf 75' lang='grc' dir='ltr'><strong><em>ΞΙ</em></strong></span> <span class='ocrx_word' id='word_1_113' title='bbox 977 1472 1052 1532; x_wconf 80' lang='grc' dir='ltr'><strong><em>ἴσον</em></strong></span> <span class='ocrx_word' id='word_1_114' title='bbox 1074 1460 1132 1530; x_wconf 79' lang='grc' dir='ltr'><strong><em>ἐστὶ</em></strong></span> 
     </span>
     <span class='ocr_line' id='line_1_14' title="bbox 126 1573 269 1659; baseline 0.007 -25"><span class='ocrx_word' id='word_1_115' title='bbox 126 1573 171 1659; x_wconf 82' lang='grc' dir='ltr'><strong><em>τῶ</em></strong></span> <span class='ocrx_word' id='word_1_116' title='bbox 198 1574 269 1635; x_wconf 86' lang='lat' dir='ltr'><strong><em>OT.</em></strong></span> 
     </span>
    </p>

    <p class='ocr_par' dir='ltr' id='par_1_6' title="bbox 612 1677 662 1744">
     <span class='ocr_line' id='line_1_15' title="bbox 612 1677 662 1744; baseline 0 0"><span class='ocrx_word' id='word_1_117' title='bbox 612 1677 662 1744; x_wconf 77' lang='grc' dir='ltr'><strong><em>θ’.</em></strong></span> 
     </span>
    </p>

    <p class='ocr_par' dir='ltr' id='par_1_7' title="bbox 92 1795 1135 2316">
     <span class='ocr_line' id='line_1_16' title="bbox 92 1795 1134 1887; baseline -0.001 -22"><span class='ocrx_word' id='word_1_118' title='bbox 92 1829 108 1874; x_wconf 82' lang='lat'>5</span> <span class='ocrx_word' id='word_1_119' title='bbox 199 1803 274 1867; x_wconf 91' lang='grc' dir='ltr'><strong><em>Τῶν</em></strong></span> <span class='ocrx_word' id='word_1_120' title='bbox 302 1795 415 1866; x_wconf 84' lang='grc' dir='ltr'><strong><em>αὐτῶν</em></strong></span> <span class='ocrx_word' id='word_1_121' title='bbox 444 1799 675 1887; x_wconf 80' lang='grc' dir='ltr'><strong><em>ὑποκειμένων</em></strong></span> <span class='ocrx_word' id='word_1_122' title='bbox 704 1799 764 1866; x_wconf 79' lang='grc' dir='ltr'><strong><em>ἐὰν</em></strong></span> <span class='ocrx_word' id='word_1_123' title='bbox 791 1802 829 1868; x_wconf 87' lang='grc' dir='ltr'><strong><em>τὸ</em></strong></span> <span class='ocrx_word' id='word_1_124' title='bbox 854 1799 915 1885; x_wconf 72' lang='grc' dir='ltr'><strong><em>μὲν</em></strong></span> <span class='ocrx_word' id='word_1_125' title='bbox 939 1800 1056 1885; x_wconf 78' lang='grc' dir='ltr'><strong><em>ἕτερον</em></strong></span> <span class='ocrx_word' id='word_1_126' title='bbox 1077 1802 1134 1865; x_wconf 87' lang='grc' dir='ltr'><strong><em>τῶν</em></strong></span> 
     </span>
     <span class='ocr_line' id='line_1_17' title="bbox 128 1898 1134 1994; baseline -0.001 -23"><span class='ocrx_word' id='word_1_127' title='bbox 128 1910 274 1990; x_wconf 82' lang='grc' dir='ltr'><strong><em>σημείων</em></strong></span> <span class='ocrx_word' id='word_1_128' title='bbox 298 1904 420 1991; x_wconf 84' lang='grc' dir='ltr'><strong><em>μεταξὺ</em></strong></span> <span class='ocrx_word' id='word_1_129' title='bbox 443 1898 465 1992; x_wconf 80' lang='grc' dir='ltr'><strong><em>ᾖ</em></strong></span> <span class='ocrx_word' id='word_1_130' title='bbox 488 1910 557 1974; x_wconf 89' lang='grc' dir='ltr'><strong><em>τῶν</em></strong></span> <span class='ocrx_word' id='word_1_131' title='bbox 581 1910 785 1994; x_wconf 81' lang='grc' dir='ltr'><strong><em>διαμέτρων,</em></strong></span> <span class='ocrx_word' id='word_1_132' title='bbox 816 1899 890 1974; x_wconf 81' lang='grc' dir='ltr'><strong><em>οἷον</em></strong></span> <span class='ocrx_word' id='word_1_133' title='bbox 913 1908 952 1972; x_wconf 88' lang='grc' dir='ltr'><strong><em>τὸ</em></strong></span> <span class='ocrx_word' id='word_1_134' title='bbox 977 1913 1025 1991; x_wconf 89' lang='lat' dir='ltr'><strong><em>K,</em></strong></span> <span class='ocrx_word' id='word_1_135' title='bbox 1048 1909 1083 1973; x_wconf 91' lang='grc' dir='ltr'><strong><em>τὸ</em></strong></span> <span class='ocrx_word' id='word_1_136' title='bbox 1105 1903 1134 1971; x_wconf 71' lang='grc' dir='ltr'><strong><em>δὲ</em></strong></span> 
     </span>
     <span class='ocr_line' id='line_1_18' title="bbox 127 2005 1135 2099; baseline -0.001 -22"><span class='ocrx_word' id='word_1_137' title='bbox 127 2012 242 2096; x_wconf 79' lang='grc' dir='ltr'><strong><em>ἕτερον</em></strong></span> <span class='ocrx_word' id='word_1_138' title='bbox 266 2009 317 2076; x_wconf 81' lang='grc' dir='ltr'><strong><em>ἑνὶ</em></strong></span> <span class='ocrx_word' id='word_1_139' title='bbox 339 2014 408 2078; x_wconf 87' lang='grc' dir='ltr'><strong><em>τῶν</em></strong></span> <span class='ocrx_word' id='word_1_140' title='bbox 428 2016 466 2096; x_wconf 93' lang='grc' dir='ltr'><strong><em>Γ,</em></strong></span> <span class='ocrx_word' id='word_1_141' title='bbox 487 2020 520 2077; x_wconf 97' lang='lat' dir='ltr'><em>A</em></span> <span class='ocrx_word' id='word_1_142' title='bbox 542 2010 680 2099; x_wconf 83' lang='grc' dir='ltr'><strong><em>ταύτόν,</em></strong></span> <span class='ocrx_word' id='word_1_143' title='bbox 704 2005 779 2080; x_wconf 80' lang='grc' dir='ltr'><strong><em>οἷον</em></strong></span> <span class='ocrx_word' id='word_1_144' title='bbox 797 2014 836 2078; x_wconf 87' lang='grc' dir='ltr'><strong><em>τὸ</em></strong></span> <span class='ocrx_word' id='word_1_145' title='bbox 854 2017 893 2097; x_wconf 87' lang='grc' dir='ltr'><strong><em>Γ,</em></strong></span> <span class='ocrx_word' id='word_1_146' title='bbox 916 2012 974 2077; x_wconf 79' lang='grc' dir='ltr'><strong><em>καὶ</em></strong></span> <span class='ocrx_word' id='word_1_147' title='bbox 994 2010 1135 2099; x_wconf 78' lang='grc' dir='ltr'><strong><em>ἀχθῶσιν</em></strong></span> 
     </span>
     <span class='ocr_line' id='line_1_19' title="bbox 127 2114 1135 2204; baseline 0 -21"><span class='ocrx_word' id='word_1_148' title='bbox 127 2119 164 2183; x_wconf 80' lang='grc' dir='ltr'><strong><em>οἱ</em></strong></span> <span class='ocrx_word' id='word_1_149' title='bbox 185 2114 404 2202; x_wconf 82' lang='grc' dir='ltr'><strong><em>παράλληλοι,</em></strong></span> <span class='ocrx_word' id='word_1_150' title='bbox 428 2118 525 2203; x_wconf 77' lang='grc' dir='ltr'><strong><em>λέγω,</em></strong></span> <span class='ocrx_word' id='word_1_151' title='bbox 549 2116 601 2186; x_wconf 84' lang='grc' dir='ltr'><strong><em>ὅτι</em></strong></span> <span class='ocrx_word' id='word_1_152' title='bbox 621 2128 698 2187; x_wconf 74' lang='grc' dir='ltr'><strong><em>ἴσον</em></strong></span> <span class='ocrx_word' id='word_1_153' title='bbox 717 2117 786 2186; x_wconf 75' lang='grc' dir='ltr'><strong><em>ἐστὶ</em></strong></span> <span class='ocrx_word' id='word_1_154' title='bbox 804 2121 842 2186; x_wconf 87' lang='grc' dir='ltr'><strong><em>τὸ</em></strong></span> <span class='ocrx_word' id='word_1_155' title='bbox 863 2122 960 2185; x_wconf 90' lang='grc' dir='ltr'><strong><em>ΓΕΟ</em></strong></span> <span class='ocrx_word' id='word_1_156' title='bbox 978 2123 1135 2204; x_wconf 77' lang='grc' dir='ltr'><strong><em>τρίγωνον</em></strong></span> 
     </span>
     <span class='ocr_line' id='line_1_20' title="bbox 127 2222 928 2316; baseline 0.004 -28"><span class='ocrx_word' id='word_1_157' title='bbox 127 2226 172 2313; x_wconf 82' lang='grc' dir='ltr'><strong><em>τῶ</em></strong></span> <span class='ocrx_word' id='word_1_158' title='bbox 197 2230 266 2289; x_wconf 93' lang='grc' dir='ltr'><strong><em>ΚΕ</em></strong></span> <span class='ocrx_word' id='word_1_159' title='bbox 286 2222 519 2314; x_wconf 78' lang='grc' dir='ltr'><strong><em>τετραπλεύρῳ</em></strong></span> <span class='ocrx_word' id='word_1_160' title='bbox 543 2225 599 2291; x_wconf 79' lang='grc' dir='ltr'><strong><em>καὶ</em></strong></span> <span class='ocrx_word' id='word_1_161' title='bbox 623 2229 660 2293; x_wconf 83' lang='grc' dir='ltr'><strong><em>τὸ</em></strong></span> <span class='ocrx_word' id='word_1_162' title='bbox 683 2232 751 2291; x_wconf 89' lang='grc' dir='ltr'><strong><em>ΑΟ</em></strong></span> <span class='ocrx_word' id='word_1_163' title='bbox 773 2227 819 2316; x_wconf 82' lang='grc' dir='ltr'><strong><em>τῶ</em></strong></span> <span class='ocrx_word' id='word_1_164' title='bbox 844 2230 928 2291; x_wconf 87' lang='grc' dir='ltr'><strong><em>ΑΜ.</em></strong></span> 
     </span>
    </p>

    <p class='ocr_par' dir='ltr' id='par_1_8' title="bbox 75 2329 1137 2847">
     <span class='ocr_line' id='line_1_21' title="bbox 75 2329 1136 2417; baseline -0.003 -19"><span class='ocrx_word' id='word_1_165' title='bbox 75 2360 109 2408; x_wconf 75' lang='lat'><strong><em>20</em></strong></span> <span class='ocrx_word' id='word_1_166' title='bbox 194 2334 292 2398; x_wconf 85' lang='grc' dir='ltr'><strong><em>τοῦτο</em></strong></span> <span class='ocrx_word' id='word_1_167' title='bbox 314 2329 351 2397; x_wconf 74' lang='grc' dir='ltr'><strong><em>δὲ</em></strong></span> <span class='ocrx_word' id='word_1_168' title='bbox 371 2331 532 2416; x_wconf 84' lang='grc' dir='ltr'><strong><em>φανερόν.</em></strong></span> <span class='ocrx_word' id='word_1_169' title='bbox 570 2331 640 2399; x_wconf 80' lang='grc' dir='ltr'><strong><em>ἐπεὶ</em></strong></span> <span class='ocrx_word' id='word_1_170' title='bbox 659 2330 723 2417; x_wconf 77' lang='grc' dir='ltr'><strong><em>γὰρ</em></strong></span> <span class='ocrx_word' id='word_1_171' title='bbox 744 2339 821 2398; x_wconf 78' lang='grc' dir='ltr'><strong><em>ἴσον</em></strong></span> <span class='ocrx_word' id='word_1_172' title='bbox 840 2331 978 2416; x_wconf 76' lang='grc' dir='ltr'><strong><em>ἐδείχθη</em></strong></span> <span class='ocrx_word' id='word_1_173' title='bbox 997 2336 1034 2399; x_wconf 87' lang='grc' dir='ltr'><strong><em>τὸ</em></strong></span> <span class='ocrx_word' id='word_1_174' title='bbox 1050 2335 1136 2398; x_wconf 68' lang='lat' dir='ltr'><strong><em>mo</em></strong></span> 
     </span>
     <span class='ocr_line' id='line_1_22' title="bbox 128 2436 1136 2529; baseline -0.001 -25"><span class='ocrx_word' id='word_1_175' title='bbox 128 2443 295 2524; x_wconf 79' lang='grc' dir='ltr'><strong><em>τρίγωνον</em></strong></span> <span class='ocrx_word' id='word_1_176' title='bbox 327 2441 372 2529; x_wconf 78' lang='grc' dir='ltr'><strong><em>τῶ</em></strong></span> <span class='ocrx_word' id='word_1_177' title='bbox 402 2444 520 2522; x_wconf 91' lang='grc' dir='ltr'><em>ΑΕΖ,</em></span> <span class='ocrx_word' id='word_1_178' title='bbox 553 2442 590 2505; x_wconf 87' lang='grc' dir='ltr'><strong><em>τὸ</em></strong></span> <span class='ocrx_word' id='word_1_179' title='bbox 624 2436 661 2504; x_wconf 75' lang='grc' dir='ltr'><strong><em>δὲ</em></strong></span> <span class='ocrx_word' id='word_1_180' title='bbox 689 2445 790 2505; x_wconf 92' lang='grc' dir='ltr'><strong><em>ΑΕΖ</em></strong></span> <span class='ocrx_word' id='word_1_181' title='bbox 822 2445 897 2504; x_wconf 83' lang='grc' dir='ltr'><strong><em>λ’σον</em></strong></span> <span class='ocrx_word' id='word_1_182' title='bbox 930 2441 976 2526; x_wconf 82' lang='grc' dir='ltr'><strong><em>τῶ</em></strong></span> <span class='ocrx_word' id='word_1_183' title='bbox 1006 2445 1075 2505; x_wconf 88' lang='grc' dir='ltr'><strong><em>ΚΕ</em></strong></span> <span class='ocrx_word' id='word_1_184' title='bbox 1098 2463 1136 2503; x_wconf 84' lang='grc' dir='ltr'><strong><em>τε·</em></strong></span> 
     </span>
     <span class='ocr_line' id='line_1_23' title="bbox 129 2542 1136 2636; baseline -0.003 -25"><span class='ocrx_word' id='word_1_185' title='bbox 129 2546 336 2636; x_wconf 77' lang='grc' dir='ltr'><strong><em>τριπλεύρῳ,</em></strong></span> <span class='ocrx_word' id='word_1_186' title='bbox 355 2545 411 2612; x_wconf 82' lang='grc' dir='ltr'><strong><em>καὶ</em></strong></span> <span class='ocrx_word' id='word_1_187' title='bbox 428 2549 466 2613; x_wconf 87' lang='grc' dir='ltr'><strong><em>τὸ</em></strong></span> <span class='ocrx_word' id='word_1_188' title='bbox 481 2550 545 2611; x_wconf 88' lang='grc' dir='ltr'><strong><em>ΓΕ</em></strong></span> <span class='ocrx_word' id='word_1_189' title='bbox 551 2551 579 2610; x_wconf 89' lang='lat'><em>0</em></span> <span class='ocrx_word' id='word_1_190' title='bbox 592 2543 659 2630; x_wconf 80' lang='grc' dir='ltr'><strong><em>ῶροι</em></strong></span> <span class='ocrx_word' id='word_1_191' title='bbox 674 2552 750 2611; x_wconf 78' lang='grc' dir='ltr'><strong><em>ἴσον</em></strong></span> <span class='ocrx_word' id='word_1_192' title='bbox 763 2547 809 2634; x_wconf 83' lang='grc' dir='ltr'><strong><em>τῶ</em></strong></span> <span class='ocrx_word' id='word_1_193' title='bbox 825 2551 893 2611; x_wconf 90' lang='grc' dir='ltr'><strong><em>ΚΕ</em></strong></span> <span class='ocrx_word' id='word_1_194' title='bbox 905 2542 1136 2633; x_wconf 75' lang='grc' dir='ltr'><strong><em>τετραπλεύρῳ.</em></strong></span> 
     </span>
     <span class='ocr_line' id='line_1_24' title="bbox 130 2649 1137 2741; baseline -0.003 -24"><span class='ocrx_word' id='word_1_195' title='bbox 130 2652 213 2720; x_wconf 84' lang='grc' dir='ltr'><strong><em>ῶστε</em></strong></span> <span class='ocrx_word' id='word_1_196' title='bbox 237 2655 292 2719; x_wconf 80' lang='grc' dir='ltr'><strong><em>καὶ</em></strong></span> <span class='ocrx_word' id='word_1_197' title='bbox 315 2657 352 2720; x_wconf 86' lang='grc' dir='ltr'><strong><em>τὸ</em></strong></span> <span class='ocrx_word' id='word_1_198' title='bbox 372 2658 481 2719; x_wconf 86' lang='grc' dir='ltr'><strong><em>ΓΡΜ</em></strong></span> <span class='ocrx_word' id='word_1_199' title='bbox 500 2659 575 2719; x_wconf 84' lang='grc' dir='ltr'><strong><em>λ’σον</em></strong></span> <span class='ocrx_word' id='word_1_200' title='bbox 596 2650 665 2718; x_wconf 80' lang='grc' dir='ltr'><strong><em>ἐστὶ</em></strong></span> <span class='ocrx_word' id='word_1_201' title='bbox 683 2655 728 2741; x_wconf 81' lang='grc' dir='ltr'><strong><em>τῶ</em></strong></span> <span class='ocrx_word' id='word_1_202' title='bbox 749 2657 831 2735; x_wconf 89' lang='grc' dir='ltr'><strong><em>ΚΟ,</em></strong></span> <span class='ocrx_word' id='word_1_203' title='bbox 853 2649 910 2717; x_wconf 82' lang='grc' dir='ltr'><strong><em>καὶ</em></strong></span> <span class='ocrx_word' id='word_1_204' title='bbox 928 2653 966 2717; x_wconf 86' lang='grc' dir='ltr'><strong><em>τὸ</em></strong></span> <span class='ocrx_word' id='word_1_205' title='bbox 987 2656 1058 2718; x_wconf 92' lang='grc' dir='ltr'><strong><em>ΚΓ</em></strong></span> <span class='ocrx_word' id='word_1_206' title='bbox 1072 2659 1137 2717; x_wconf 73' lang='grc' dir='ltr'><strong><em>ἴσον</em></strong></span> 
     </span>
     <span class='ocr_line' id='line_1_25' title="bbox 128 2763 274 2847; baseline 0.027 -24"><span class='ocrx_word' id='word_1_207' title='bbox 128 2763 174 2847; x_wconf 81' lang='grc' dir='ltr'><strong><em>τῶ</em></strong></span> <span class='ocrx_word' id='word_1_208' title='bbox 198 2766 274 2828; x_wconf 90' lang='grc' dir='ltr'><strong><em>ΑΟ.</em></strong></span> 
     </span>
    </p>

    <p class='ocr_par' dir='ltr' id='par_1_9' title="bbox 75 2867 657 2935">
     <span class='ocr_line' id='line_1_26' title="bbox 75 2867 657 2935; baseline -0.007 0"><span class='ocrx_word' id='word_1_209' title='bbox 75 2888 110 2935; x_wconf 80' lang='lat'><strong><em>25</em></strong></span> <span class='ocrx_word' id='word_1_210' title='bbox 622 2867 657 2931; x_wconf 86' lang='grc' dir='ltr'><strong><em>ι’.</em></strong></span> 
     </span>
    </p>

    <p class='ocr_par' dir='ltr' id='par_1_10' title="bbox 128 2985 1140 3181">
     <span class='ocr_line' id='line_1_27' title="bbox 200 2985 1140 3076; baseline 0.001 -25"><span class='ocrx_word' id='word_1_211' title='bbox 200 2991 275 3053; x_wconf 91' lang='grc' dir='ltr'><strong><em>Τῶν</em></strong></span> <span class='ocrx_word' id='word_1_212' title='bbox 300 2987 412 3055; x_wconf 80' lang='grc' dir='ltr'><strong><em>αὐτῶν</em></strong></span> <span class='ocrx_word' id='word_1_213' title='bbox 431 2987 662 3075; x_wconf 79' lang='grc' dir='ltr'><strong><em>ὑποκειμένων</em></strong></span> <span class='ocrx_word' id='word_1_214' title='bbox 683 2988 835 3076; x_wconf 79' lang='grc' dir='ltr'><strong><em>εἰλήφθω</em></strong></span> <span class='ocrx_word' id='word_1_215' title='bbox 854 2985 895 3055; x_wconf 82' lang='grc' dir='ltr'><strong><em>τὰ</em></strong></span> <span class='ocrx_word' id='word_1_216' title='bbox 914 2995 957 3074; x_wconf 89' lang='grc' dir='ltr'><strong><em>Κ,</em></strong></span> <span class='ocrx_word' id='word_1_217' title='bbox 973 2995 1005 3053; x_wconf 90' lang='grc' dir='ltr'><em>Α</em></span> <span class='ocrx_word' id='word_1_218' title='bbox 1029 3001 1140 3074; x_wconf 81' lang='grc' dir='ltr'><strong><em>σημεῖα</em></strong></span> 
     </span>
     <span class='ocr_line' id='line_1_28' title="bbox 128 3081 1096 3181; baseline 0.005 -25"><span class='ocrx_word' id='word_1_219' title='bbox 128 3087 172 3176; x_wconf 83' lang='grc' dir='ltr'><strong><em>μὴ</em></strong></span> <span class='ocrx_word' id='word_1_220' title='bbox 196 3089 276 3156; x_wconf 82' lang='grc' dir='ltr'><strong><em>καθ’</em></strong></span> <span class='ocrx_word' id='word_1_221' title='bbox 300 3089 318 3160; x_wconf 82' lang='grc' dir='ltr'><strong>ὃ</strong></span> <span class='ocrx_word' id='word_1_222' title='bbox 342 3081 596 3180; x_wconf 81' lang='grc' dir='ltr'><strong><em>σνμβάλλονσιν</em></strong></span> <span class='ocrx_word' id='word_1_223' title='bbox 620 3100 658 3163; x_wconf 79' lang='grc' dir='ltr'><strong><em>αἱ</em></strong></span> <span class='ocrx_word' id='word_1_224' title='bbox 679 3096 852 3181; x_wconf 78' lang='grc' dir='ltr'><strong><em>διάμετροι</em></strong></span> <span class='ocrx_word' id='word_1_225' title='bbox 875 3107 948 3172; x_wconf 76' lang='grc' dir='ltr'><strong><em>ταῖς</em></strong></span> <span class='ocrx_word' id='word_1_226' title='bbox 969 3109 1096 3180; x_wconf 82' lang='grc' dir='ltr'><strong><em>τομαῖς.</em></strong></span> 
     </span>
    </p>

    <p class='ocr_par' dir='ltr' id='par_1_11' title="bbox 129 3197 1142 3398">
     <span class='ocr_line' id='line_1_29' title="bbox 197 3197 1142 3287; baseline 0.004 -25"><span class='ocrx_word' id='word_1_227' title='bbox 197 3200 346 3266; x_wconf 79' lang='grc' dir='ltr'><strong><em>δεικτέον</em></strong></span> <span class='ocrx_word' id='word_1_228' title='bbox 365 3199 419 3284; x_wconf 83' lang='grc' dir='ltr'><strong><em>δή,</em></strong></span> <span class='ocrx_word' id='word_1_229' title='bbox 439 3197 490 3268; x_wconf 82' lang='grc' dir='ltr'><strong><em>ὅτι</em></strong></span> <span class='ocrx_word' id='word_1_230' title='bbox 510 3210 587 3270; x_wconf 77' lang='grc' dir='ltr'><strong><em>ἴσον</em></strong></span> <span class='ocrx_word' id='word_1_231' title='bbox 606 3203 675 3270; x_wconf 85' lang='grc' dir='ltr'><strong><em>ἐστὶ</em></strong></span> <span class='ocrx_word' id='word_1_232' title='bbox 694 3207 731 3270; x_wconf 92' lang='grc' dir='ltr'><strong><em>τὸ</em></strong></span> <span class='ocrx_word' id='word_1_233' title='bbox 751 3210 782 3268; x_wconf 92' lang='grc' dir='ltr'><em>Α</em></span> <span class='ocrx_word' id='word_1_234' title='bbox 792 3208 887 3268; x_wconf 89' lang='grc' dir='ltr'><strong><em>ΤΡΧ</em></strong></span> <span class='ocrx_word' id='word_1_235' title='bbox 900 3201 1142 3287; x_wconf 78' lang='grc' dir='ltr'><strong><em>τετράπλευρον</em></strong></span> 
     </span>
     <span class='ocr_line' id='line_1_30' title="bbox 129 3307 595 3398; baseline 0.009 -26"><span class='ocrx_word' id='word_1_236' title='bbox 129 3308 174 3397; x_wconf 81' lang='grc' dir='ltr'><strong><em>τῶ</em></strong></span> <span class='ocrx_word' id='word_1_237' title='bbox 199 3310 270 3371; x_wconf 77' lang='grc' dir='ltr'><strong><em>ΩΧ</em></strong></span> <span class='ocrx_word' id='word_1_238' title='bbox 274 3310 306 3370; x_wconf 93' lang='grc' dir='ltr'><em>Κ</em></span> <span class='ocrx_word' id='word_1_239' title='bbox 312 3311 334 3370; x_wconf 92' lang='grc' dir='ltr'><em>Ι</em></span> <span class='ocrx_word' id='word_1_240' title='bbox 354 3307 595 3398; x_wconf 80' lang='grc' dir='ltr'><strong><em>τετραπλεύρῳ.</em></strong></span> 
     </span>
    </p>
   </div>
   <div class='ocr_carea' id='block_1_3' title="bbox 201 3499 774 3572">
    <p class='ocr_par' dir='ltr' id='par_1_12' title="bbox 201 3499 774 3572">
     <span class='ocr_line' id='line_1_31' title="bbox 201 3499 774 3572; baseline 0.003 -16"><span class='ocrx_word' id='word_1_241' title='bbox 201 3509 225 3556; x_wconf 83' lang='grc'><strong><em>4.</em></strong></span> <span class='ocrx_word' id='word_1_242' title='bbox 246 3499 347 3572; x_wconf 65' lang='lat' dir='ltr'><em>ABE]</em></span> <span class='ocrx_word' id='word_1_243' title='bbox 368 3502 457 3558; x_wconf 84' lang='grc' dir='ltr'><strong><em>ΔΕΞ</em></strong></span> <span class='ocrx_word' id='word_1_244' title='bbox 474 3501 511 3567; x_wconf 78' lang='lat' dir='ltr'><strong><em>V3</em></strong></span> <span class='ocrx_word' id='word_1_245' title='bbox 531 3519 601 3556; x_wconf 85' lang='lat' dir='ltr'><strong>corr.</strong></span> <span class='ocrx_word' id='word_1_246' title='bbox 620 3521 639 3572; x_wconf 86' lang='lat' dir='ltr'><strong>p</strong></span> <span class='ocrx_word' id='word_1_247' title='bbox 659 3505 774 3572; x_wconf 80' lang='grc' dir='ltr'>(ΞΔΒ).</span> 
     </span>
    </p>
   </div>
   <div class='ocr_carea' id='block_1_4' title="bbox 0 0 1233 3892">
    <p class='ocr_par' dir='ltr' id='par_1_13' title="bbox 0 0 1233 3892">
     <span class='ocr_line' id='line_1_32' title="bbox 0 0 1233 3892; baseline 0 0"><span class='ocrx_word' id='word_1_248' title='bbox 0 0 1233 3892; x_wconf 95' lang='lat' dir='ltr'><strong><em> </em></strong></span> 
     </span>
    </p>
   </div>
  </div>
 </body>
</html>
