2438 3892
161 152 202 218 78
553 155 721 212 muman
738 153 779 212 α’.

225 303 308 368 έστω
324 303 478 385 ἔλλειψις,
492 289 533 387 ῆς
547 297 771 389 διάμετροιῖαλ
778 306 810 365 A
814 306 855 387 Β,
868 305 942 385 ΓΔ,
957 297 1013 366 καὶ
1027 301 1168 386 τεμνέτω

156 430 207 486 τις
221 401 339 475 εὐθεῖα
352 405 414 494 τῆν
427 405 535 493 τομῆν
549 402 569 492 ῆ
584 413 646 474 ΕΖ
660 403 781 491 μεταξὺ
795 405 929 492 κειμένη
944 409 1013 474 των
1023 414 1055 473 A
1060 413 1100 493 Β,
1110 413 1169 476 ΓΔ

158 513 355 602 διαμέτρων.
391 513 488 601 λέγω,
512 510 563 580 ὅτι
582 509 602 599 ῆ
622 519 684 580 ΕΖ
709 513 933 599 ἐκβαλλομένη
958 526 1170 599 συμπεσεῖται

64 607 66 611 ’
157 619 295 711 ἑκατέρᾳ
317 623 385 687 τῶν
403 627 479 706 ΑΒ,
499 626 561 688 ΓΛ
584 617 677 699 ἐκτὸς
698 622 758 706 τῆς
779 623 890 707 τομῆς.

122 742 138 792 ὁ
222 726 445 815 κατῆχδωσαν
477 724 542 816 γδιρ
575 723 641 795 ἀπὸ
668 730 737 795 τῶν
764 733 851 811 Ε,Ζ
882 726 1090 814 τεταγμένως
1117 726 1169 796 έπλ

156 831 218 919 μὲν
239 832 301 921 τῆν
315 841 379 901 ΑΒ
403 836 440 901 αλ
451 839 531 920 ΗΕ,
546 840 617 920 ΖΘ,
642 833 695 901 ἐπὶ
720 832 757 901 δὲ
779 832 840 921 τῆν
855 838 926 901 ΔΓ
948 835 984 900 αλ
1002 841 1078 921 ΕΚ,
1098 841 1169 902 ΖΛ.

157 945 247 1009 ἔστιν
270 937 351 1029 ἄρα,
380 939 425 1020 ιδς
448 939 511 1028 μὲν
533 939 571 1008 τὸ
595 938 659 1008 τἰπὸ
682 944 740 1027 τῆς
763 947 839 1008 ΕΗ
855 937 940 1027 πρὸς
961 938 999 1009 τὸ
1024 937 1090 1009 ἀπὸ
1112 952 1170 1028 τῆς

157 1053 235 1132 ΖΘ,
260 1043 367 1127 οὕτως
387 1045 426 1115 τὸ
450 1045 515 1115 ὑπο
540 1054 646 1115 ΒΗΑ
668 1046 753 1134 πρὸς
774 1046 812 1117 τὸ
836 1045 902 1116 ὑπὸ
927 1053 1037 1131 ΒΘΑ,
1065 1043 1111 1127 ὡς
1133 1047 1169 1116 δέ

67 1209 70 1213 .
155 1150 193 1221 τὸ
217 1151 284 1222 ἀπὸ
308 1160 372 1221 ΖΛ
399 1152 482 1243 πρὸς
504 1152 542 1223 τὸ
572 1151 636 1221 ἆττδ
661 1161 743 1240 ΕΚ,
777 1152 883 1234 οὕτως
909 1155 947 1222 τὸ
976 1151 1042 1221 ὑπὸ
1067 1160 1173 1222 ΔΛΓ

103 1275 137 1324 10
155 1257 239 1348 πρδς
256 1258 294 1330 τδ
313 1258 379 1329 ὑπὸ
395 1267 507 1329 ΔΚΓ.
543 1266 603 1328 καί
619 1259 687 1328 έστι
705 1258 743 1327 τὸ
762 1260 824 1346 μὲν
847 1258 913 1329 ὑπὸ
928 1268 1034 1328 ΒΗΑ
1057 1269 1168 1348 μεῖζον

155 1377 216 1436 τοῦ
237 1365 304 1437 ὑπὸ
327 1376 440 1437 ΒΘΑ·
473 1372 587 1455 ἔγγιον
609 1364 673 1454 γὰρ
696 1366 733 1435 τὸ
758 1374 790 1434 Η
811 1371 870 1454 τῆς
894 1371 1099 1455 διχοτομίας·
1130 1366 1167 1436 τδ

156 1472 194 1542 δέ
215 1471 281 1543 ὑπὸ
306 1480 414 1543 ΔΛΓ
435 1478 497 1543 τοῦ
520 1471 584 1542 ὑπὸ
610 1480 719 1541 ΔΚΓ
737 1479 864 1559 μεῖζον·
893 1480 1006 1560 μεῖζον
1024 1472 1090 1560 ἄρα
1113 1474 1168 1542 καὶ

154 1578 192 1648 τδ
215 1581 278 1668 μὲν
300 1580 366 1649 ἀπὸ
390 1585 448 1668 τῆς
465 1589 536 1649 ΗΕ
556 1584 618 1648 τοῦ
641 1577 706 1648 απὸ
722 1588 793 1666 ΖΘ,
816 1579 854 1648 τὸ
879 1579 916 1648 δὲ
939 1577 1005 1648 ἀπὸ
1021 1587 1085 1648 ΖΛ
1107 1584 1168 1650 τοῦ

156 1683 221 1756 ἀπὸ
246 1694 326 1755 ΕΚ·
359 1694 479 1774 μείζων
503 1686 569 1774 ἄρα
591 1686 647 1755 καὶ
669 1684 690 1775 ῆ
714 1687 775 1774 μὲν
798 1693 872 1755 ΗΕ
897 1697 957 1773 τῆς
981 1694 1056 1773 ΖΘ,
1084 1684 1106 1775 ῆ
1132 1687 1168 1756 δὲ

104 1809 136 1859 15
156 1798 220 1859 ΖΛ
242 1797 300 1879 τῆς
316 1799 390 1862 ΕΚ.
426 1800 486 1862 καί
505 1791 576 1862 ἐστι
597 1793 808 1881 παράλληλος
831 1791 851 1882 ῆ
871 1793 933 1880 μὲν
948 1797 1020 1861 ΗΕ
1040 1797 1081 1883 τῆ
1096 1801 1168 1882 ΖΘ,

153 1895 173 1984 ῆ
198 1896 236 1966 δέ
256 1906 319 1966 ΖΛ
341 1904 382 1988 τῆ
403 1907 479 1968 ΕΚ·
503 1898 524 1988 ῆ
541 1907 603 1967 ΕΖ
624 1899 689 1989 ἄρα
707 1899 934 1987 ἐκβαλλομένη
954 1912 1169 1987 συμπεσεῖται

153 2004 291 2096 ἑκατέρα
312 2010 381 2075 τῶν
396 2015 472 2094 ΑΒ,
491 2013 553 2076 ΓΔ
577 2008 765 2096 διαμέτρων
788 2004 882 2087 ἐκτὸς
904 2009 962 2093 τῆς
984 2010 1097 2094 τομῆς.

625 2203 691 2272 κδ’.

217 2323 295 2396 Ἐδιν
313 2331 487 2417 παραβολῇ
506 2324 527 2415 ῆ
545 2327 715 2417 ὑπερβολῆ
735 2325 853 2397 εὐθεῖα
871 2323 950 2395 καθ’
969 2329 1006 2393 ἓν
1026 2341 1168 2413 σημεῖον

99 2453 133 2501 20
152 2441 386 2522 συμπίπτουσα
404 2432 631 2521 ἐκβαλλομένη
651 2432 703 2520 ἐφ’
721 2433 858 2520 ἑκάτερα
877 2430 971 2513 ἐκτὸς
987 2438 1088 2521 πίκτη
1110 2444 1170 2522 τῆς

150 2546 264 2630 τομῆς,
288 2555 501 2629 συμπεσεῖται
523 2545 564 2630 τῆ
588 2542 760 2631 διαμέτρῳ.

218 2655 300 2718 έστω
323 2648 497 2736 παραβολῆ
522 2645 543 2735 ῆ
566 2646 752 2737 ὑπερβολῆ,
779 2640 820 2734 ῆς
843 2645 1020 2734 διάμετρος
1043 2674 1063 2734 η
1088 2655 1167 2733 ΑΒ,

150 2755 207 2822 καὶ
230 2757 440 2842 συμπιπτέτω
464 2752 548 2844 αὐτῆ
572 2752 688 2824 εὐθεῖα
711 2753 732 2840 ῆ
758 2761 819 2822 ΓΛ
825 2761 856 2820 Ε
882 2752 965 2822 κατδι
988 2751 1025 2821 τὸ
1049 2762 1082 2821 Δ
1109 2755 1166 2822 καὶ

151 2862 375 2946 ἐκβαλλομένη
409 2860 462 2948 ἐφ’
494 2862 631 2949 ἑκάτερα
663 2859 755 2940 ἐκτὸς
786 2861 929 2927 πιπτέτω
962 2864 1021 2946 τῆς
1052 2873 1167 2949 τομῆς.

97 2982 131 3030 25
151 2967 246 3052 λέγω,
270 2967 322 3035 ὅτι
346 2983 560 3054 συμπεσεῖται
582 2972 622 3057 τῆ
646 2974 711 3035 ΑΒ
735 2967 909 3057 διαμέτρῳ.

217 3071 370 3159 εἰλῆφθω
394 3075 460 3161 γάρ
482 3101 514 3142 τι
538 3089 676 3162 σημεῖον
700 3075 752 3142 ἐπὶ
775 3078 834 3159 τῆς
855 3078 959 3160 τομῆς
981 3076 1019 3143 τὸ
1045 3082 1083 3161 Ζ,
1109 3076 1165 3143 καλ

222 3309 246 3359 1.
271 3300 317 3374 αἱ]
341 3321 373 3373 p,
399 3320 453 3359 om.
472 3305 505 3359 V.
597 3313 621 3362 6.
645 3301 694 3359 διὰ
713 3300 762 3359 κα’
782 3301 884 3360 τούτου
903 3309 953 3358 τοῦ
973 3305 1082 3377 βιβλίου
1107 3325 1134 3361 m
1156 3347 1162 3359 .

149 3376 274 3431 m.1V.
365 3382 389 3430 6.
410 3376 472 3448 ΖΛ]
493 3377 552 3430 ΖΝ
568 3376 604 3443 V;
625 3394 695 3433 corr.
714 3395 741 3448 p.
834 3383 875 3432 10.
896 3372 966 3448 ἔστι]
986 3393 1014 3443 ο,
1035 3325 1155 3433 {cmg

148 3452 229 3574 ml}
240 3443 296 3576 βιέι
315 3441 347 3501 τὸ
368 3444 393 3501 ε’
412 3449 464 3501 τοῦ
484 3444 512 3519 β’
533 3466 616 3517 στοιχ.
632 3467 687 3518 mg.
702 3468 737 3504 m.
754 3455 767 3503 1
784 3447 818 3503 V.
876 3454 917 3503 18.
936 3445 996 3520 κδ’]
1011 3467 1039 3519 p,
1059 3466 1114 3505 om.
1130 3449 1164 3519 V,
