2438 3892
417 146 795 201 comcoamrnmaoi
1047 147 1109 212 141

96 288 204 355 eidem
236 290 382 375 aequalis
413 294 478 374 est3
510 312 588 355 nom
613 291 649 355 in
675 290 803 376 figuris,
835 313 916 376 quoe
944 292 985 357 iis
1012 293 1112 377 duplo

99 396 241 462 maiores
269 400 361 481 sunt,
387 396 451 463 hoc
476 397 733 463 demonstratum
757 401 808 464 est
830 398 866 463 in
887 400 1112 483 propositione

101 502 187 569 XLI.
234 503 388 591 quoniam
416 504 516 589 igitur
542 504 726 589 triangulus
749 508 852 570 ΓΔΑ
880 527 900 570 a
924 508 1022 571 ΓΚΘ
1045 507 1113 571 siue

103 612 206 675 ΓΔΘ
233 610 342 675 differt
366 611 530 696 triangulo
557 612 592 676 in
614 616 680 676 ΑΘ
707 612 868 696 descripto
891 612 990 677 simili
1012 612 1113 678 trian-

101 716 179 803 gulo
199 720 311 800 ΓΔΑ,
329 740 442 783 uerum
461 718 560 784 ctiam
578 719 744 804 triangulo
763 722 861 784 ΓΘΑ
879 718 995 805 differt,
1012 720 1113 783 trion·

103 824 200 911 gulos
227 826 327 889 ΓΘΑ
353 824 519 911 triangulo
546 826 582 890 in
604 830 671 890 ΑΘ
697 824 859 909 descripto
887 825 987 891 simili
1013 826 1113 891 trian-

101 930 179 1017 gulo
207 932 312 995 ΓΔΑ
340 932 483 1017 aequalis
511 939 568 997 cst
621 933 773 1015 quoniam
800 933 902 1017 igitur
928 933 1112 1017 triangulus

99 1040 201 1103 ΒΖΕ
216 1037 382 1124 triangulo
400 1041 505 1103 ΓΔΑ
523 1038 637 1103 similis
656 1042 707 1103 est
726 1038 830 1118 [Eucl.
844 1037 869 1124 Ι,
883 1040 939 1123 29]
960 1043 993 1103 et
1012 1043 1113 1103 ΗΖΘ

100 1144 268 1229 triangulo
286 1147 355 1210 ΓΔ
362 1148 399 1229 Θ,
422 1145 556 1209 candem
579 1145 740 1209 rationem
760 1143 925 1232 habene).
965 1169 982 1211 e
1015 1151 1114 1211 ΒΖΕ

99 1252 133 1316 in
148 1254 220 1317 ΝΘ
238 1250 419 1334 descriptus
439 1254 489 1315 cst
505 1251 592 1314 inter
608 1254 732 1315 rectam
751 1251 933 1317 ordinatam
952 1256 1111 1318 centrum-

102 1379 180 1445 que,
206 1362 308 1422 ΗΖΘ
327 1361 440 1423 autem
459 1358 495 1422 in
513 1360 586 1421 BN
604 1357 750 1422 ordinate
773 1358 869 1422 ducta
888 1360 955 1423 siue
976 1364 1052 1443 ΖΘ;
1077 1365 1110 1425 et

97 1466 233 1549 propter
252 1486 298 1549 eo,
323 1486 405 1549 quac
429 1466 528 1529 antea
551 1464 772 1528 demonstrata
795 1468 872 1529 sunt
895 1465 1000 1549 [prop.
1013 1464 1113 1547 XLI],

97 1575 200 1638 ΒΖΕ
216 1571 257 1636 ab
271 1573 373 1635 ΗΘΖ
392 1570 499 1635 differt
516 1570 682 1655 triangulo
701 1570 736 1634 in
749 1576 782 1635 Α
787 1573 816 1634 Θ
834 1569 996 1655 descripto
1012 1571 1112 1636 simili

97 1678 266 1764 triangulo
289 1679 400 1742 ΓΔΑ.
452 1698 529 1763 orgo
557 1678 657 1742 etiam
684 1677 851 1761 triangulo
874 1680 969 1742 ΓΑΘ
996 1677 1111 1743 differt.

545 1852 661 1920 XLVI.

167 1978 203 2045 si
225 1982 316 2045 recto
340 1979 534 2064 parabolam
556 1979 748 2064 contingens
766 2002 840 2044 cum
859 1979 1017 2045 diametro
1037 2002 1110 2045 con-

99 2086 213 2170 currit,
234 2090 324 2153 recto
341 2109 400 2171 per
418 2088 573 2170 punctum
593 2088 762 2152 contactus
781 2085 936 2152 diametro
955 2087 1110 2172 parallelo

99 2194 198 2261 ducta
230 2193 270 2258 ad
301 2197 412 2277 partes
445 2192 599 2257 sectionis
630 2213 743 2256 uersus
772 2196 876 2258 rectas
904 2194 938 2257 in
968 2194 1109 2258 sectione

98 2299 304 2385 contingenti
326 2298 500 2383 parallelas
524 2298 636 2363 ductas
659 2299 693 2363 in
716 2299 809 2364 binos
832 2303 942 2383 partos
962 2300 1109 2383 aequales

96 2406 231 2475 secabit.

168 2514 212 2579 sit
234 2513 402 2597 parabola,
425 2512 514 2577 cuius
538 2511 716 2576 diametrus
741 2510 784 2575 sit
802 2515 915 2595 ABA,
940 2514 973 2575 et
996 2510 1108 2574 sectio-

97 2642 176 2687 nem
200 2620 369 2705 contingat
387 2622 461 2703 ΑΓ,
482 2641 541 2702 per
558 2621 590 2683 Γ
609 2622 717 2683 autem
740 2621 846 2682 rectae
865 2623 936 2682 ΑΔ
953 2617 1109 2701 parallelo

101 2728 239 2793 ducatur
261 2730 380 2807 ΘΓΜ,
408 2728 441 2789 et
468 2726 503 2789 in
532 2726 673 2790 sectione
701 2727 848 2789 sumatur
874 2726 1030 2808 punctum
1054 2724 1109 2788 ali·

98 2834 185 2921 quod
218 2837 265 2912 A,
302 2833 499 2916 duceturque
536 2835 641 2897 rectae
673 2837 705 2895 A
712 2834 744 2895 Γ
773 2830 930 2915 parallelo
962 2834 1032 2895 ΑΝ
1039 2836 1107 2898 ΖΕ.

97 2942 187 3023 dico,
210 2960 280 3004 esse
303 2942 379 3003 AN
390 2968 433 2991 =
447 2941 523 3002 NZ.

166 3045 326 3112 ducantur
359 3045 506 3110 ordinate
533 3047 608 3128 ΒΘ,
635 3046 754 3126 ΗΖΚ,
782 3047 904 3109 ΑΜΔ.
955 3046 1108 3130 quoniam

98 3153 202 3241 igilur
224 3155 358 3238 P1'0Pler
381 3174 433 3233 ea,
461 3172 542 3235 quoe
565 3151 599 3214 in
622 3150 843 3235 propositione
865 3149 956 3215 XLII
979 3152 1107 3217 demon-

171 3294 198 3361 1)
221 3292 284 3347 Hoc
306 3292 362 3345 ost:
395 3291 509 3345 latera
532 3290 650 3343 eandem
677 3290 751 3344 inter
779 3306 808 3344 se
835 3288 975 3346 rationem
1002 3290 1109 3343 habent

99 3362 191 3437 (Encl.
209 3362 263 3429 VI,
282 3364 324 3429 4);
352 3363 448 3430 itaque
471 3361 501 3415 in
518 3361 698 3430 proportione
718 3366 793 3416 PK:
809 3366 837 3415 K
842 3364 866 3415 Θ
885 3362 937 3416 cet.
976 3359 1107 3414 substitui

166 3435 220 3489 unt
236 3432 359 3489 rationes
374 3433 495 3488 laterum
509 3431 714 3501 triangulorum
729 3436 816 3501 BZE,
831 3436 885 3497 ΗΖ
891 3435 924 3500 Θ,
943 3430 984 3485 ita
997 3433 1029 3484 ut
1043 3446 1108 3486 con·

98 3452 205 3563 lupello
221 3503 424 3577 propositionis
442 3511 476 3559 41
496 3503 565 3558 satis
583 3504 641 3560 fiat.
