<?xml version="1.0" encoding="UTF-8"?>
<!DOCTYPE html PUBLIC "-//W3C//DTD XHTML 1.0 Transitional//EN"
    "http://www.w3.org/TR/xhtml1/DTD/xhtml1-transitional.dtd">
<html xmlns="http://www.w3.org/1999/xhtml" xml:lang="en" lang="en">
 <head>
  <title>
</title>
<meta http-equiv="Content-Type" content="text/html;charset=utf-8" />
  <meta name='ocr-system' content='tesseract 3.04.00' />
  <meta name='ocr-capabilities' content='ocr_page ocr_carea ocr_par ocr_line ocrx_word'/>
</head>
<body>
  <div class='ocr_page' id='page_1' title='image "./apolloniipergae00apolgoog_0409.png"; bbox 0 0 2446 3916; ppageno 0'>
   <div class='ocr_carea' id='block_1_1' title="bbox 409 151 1119 217">
    <p class='ocr_par' dir='ltr' id='par_1_1' title="bbox 409 151 1119 217">
     <span class='ocr_line' id='line_1_1' title="bbox 409 151 1119 217; baseline 0.006 -4"><span class='ocrx_word' id='word_1_1' title='bbox 409 159 751 213; x_wconf 79' lang='lat' dir='ltr'>comconunnrnna</span> <span class='ocrx_word' id='word_1_2' title='bbox 768 159 818 212; x_wconf 91' lang='lat' dir='ltr'>n1.</span> <span class='ocrx_word' id='word_1_3' title='bbox 1052 151 1119 217; x_wconf 84' lang='grc'>393</span> 
     </span>
    </p>
   </div>
   <div class='ocr_carea' id='block_1_2' title="bbox 101 298 1121 604">
    <p class='ocr_par' dir='ltr' id='par_1_2' title="bbox 101 298 1121 604">
     <span class='ocr_line' id='line_1_2' title="bbox 101 298 1121 387; baseline -0.011 -14"><span class='ocrx_word' id='word_1_4' title='bbox 101 309 198 374; x_wconf 87' lang='lat' dir='ltr'>allela</span> <span class='ocrx_word' id='word_1_5' title='bbox 221 305 357 371; x_wconf 89' lang='lat' dir='ltr'>ducatur</span> <span class='ocrx_word' id='word_1_6' title='bbox 380 307 455 387; x_wconf 90' lang='lat' dir='ltr'>ZK,</span> <span class='ocrx_word' id='word_1_7' title='bbox 477 325 536 387; x_wconf 89' lang='lat' dir='ltr'>per</span> <span class='ocrx_word' id='word_1_8' title='bbox 560 307 590 367; x_wconf 82' lang='grc' dir='ltr'><strong>Θ</strong></span> <span class='ocrx_word' id='word_1_9' title='bbox 613 305 722 367; x_wconf 91' lang='lat' dir='ltr'>autem</span> <span class='ocrx_word' id='word_1_10' title='bbox 740 304 849 366; x_wconf 90' lang='lat' dir='ltr'>rectae</span> <span class='ocrx_word' id='word_1_11' title='bbox 870 303 940 364; x_wconf 81' lang='grc' dir='ltr'>ΔΕ</span> <span class='ocrx_word' id='word_1_12' title='bbox 960 298 1121 384; x_wconf 88' lang='lat' dir='ltr'>parallela</span> 
     </span>
     <span class='ocr_line' id='line_1_3' title="bbox 102 411 678 496; baseline -0.009 -18"><span class='ocrx_word' id='word_1_13' title='bbox 102 416 216 479; x_wconf 83' lang='grc' dir='ltr'><em>ΘΑΚ.</em></span> <span class='ocrx_word' id='word_1_14' title='bbox 262 411 345 496; x_wconf 91' lang='lat' dir='ltr'>dico,</span> <span class='ocrx_word' id='word_1_15' title='bbox 368 432 440 476; x_wconf 90' lang='lat' dir='ltr'>esse</span> <span class='ocrx_word' id='word_1_16' title='bbox 462 413 532 475; x_wconf 87' lang='grc' dir='ltr'>ΚΛ</span> <span class='ocrx_word' id='word_1_17' title='bbox 547 439 589 463; x_wconf 87' lang='lat'><em>=</em></span> <span class='ocrx_word' id='word_1_18' title='bbox 603 413 678 474; x_wconf 83' lang='grc' dir='ltr'>ΘΛ.</span> 
     </span>
     <span class='ocr_line' id='line_1_4' title="bbox 169 515 1120 604; baseline -0.008 -21"><span class='ocrx_word' id='word_1_19' title='bbox 169 541 228 604; x_wconf 90' lang='lat' dir='ltr'>per</span> <span class='ocrx_word' id='word_1_20' title='bbox 246 522 284 602; x_wconf 90' lang='lat' dir='ltr'>B,</span> <span class='ocrx_word' id='word_1_21' title='bbox 303 522 334 583; x_wconf 88' lang='lat' dir='ltr'><em>A</em></span> <span class='ocrx_word' id='word_1_22' title='bbox 356 520 465 582; x_wconf 86' lang='lat' dir='ltr'>rectae</span> <span class='ocrx_word' id='word_1_23' title='bbox 482 519 552 580; x_wconf 86' lang='grc' dir='ltr'>ΛΓ</span> <span class='ocrx_word' id='word_1_24' title='bbox 569 516 743 600; x_wconf 87' lang='lat' dir='ltr'>parallelae</span> <span class='ocrx_word' id='word_1_25' title='bbox 768 515 926 579; x_wconf 79' lang='lat' dir='ltr'><strong>ducantur</strong></span> <span class='ocrx_word' id='word_1_26' title='bbox 944 515 1027 596; x_wconf 87' lang='lat' dir='ltr'>AM,</span> <span class='ocrx_word' id='word_1_27' title='bbox 1042 515 1120 595; x_wconf 71' lang='lat'>3133</span> 
     </span>
    </p>
   </div>
   <div class='ocr_carea' id='block_1_3' title="bbox 102 615 1122 814">
    <p class='ocr_par' dir='ltr' id='par_1_3' title="bbox 102 615 1122 814">
     <span class='ocr_line' id='line_1_5' title="bbox 103 615 1122 710; baseline -0.01 -20"><span class='ocrx_word' id='word_1_28' title='bbox 103 626 167 690; x_wconf 88' lang='lat' dir='ltr'>erit</span> <span class='ocrx_word' id='word_1_29' title='bbox 193 625 310 710; x_wconf 84' lang='lat' dir='ltr'>igitur,</span> <span class='ocrx_word' id='word_1_30' title='bbox 343 627 381 688; x_wconf 87' lang='lat' dir='ltr'>ut</span> <span class='ocrx_word' id='word_1_31' title='bbox 409 627 506 688; x_wconf 86' lang='lat' dir='ltr'>antea</span> <span class='ocrx_word' id='word_1_32' title='bbox 533 622 792 688; x_wconf 89' lang='lat' dir='ltr'>demonstratum</span> <span class='ocrx_word' id='word_1_33' title='bbox 822 623 871 686; x_wconf 86' lang='lat' dir='ltr'>est</span> <span class='ocrx_word' id='word_1_34' title='bbox 900 620 1005 704; x_wconf 88' lang='lat' dir='ltr'><strong>[prop.</strong></span> <span class='ocrx_word' id='word_1_35' title='bbox 1027 615 1122 681; x_wconf 89' lang='lat' dir='ltr'>XXX</span> 
     </span>
     <span class='ocr_line' id='line_1_6' title="bbox 102 729 438 814; baseline 0 -19"><span class='ocrx_word' id='word_1_36' title='bbox 102 753 143 795; x_wconf 87' lang='lat' dir='ltr'>ex</span> <span class='ocrx_word' id='word_1_37' title='bbox 165 729 209 814; x_wconf 92' lang='lat' dir='ltr'>Il,</span> <span class='ocrx_word' id='word_1_38' title='bbox 234 730 252 794; x_wconf 87' lang='lat'>1</span> <span class='ocrx_word' id='word_1_39' title='bbox 277 729 359 813; x_wconf 87' lang='lat' dir='ltr'>etl,</span> <span class='ocrx_word' id='word_1_40' title='bbox 382 731 438 810; x_wconf 78' lang='lat'>21]</span> 
     </span>
    </p>
   </div>
   <div class='ocr_carea' id='block_1_4' title="bbox 103 844 1124 1063">
    <p class='ocr_par' dir='ltr' id='par_1_4' title="bbox 103 844 1124 1063">
     <span class='ocr_line' id='line_1_7' title="bbox 103 844 1124 935; baseline -0.006 -17"><span class='ocrx_word' id='word_1_41' title='bbox 103 850 748 935; x_wconf 71' lang='lat' dir='ltr'>AB2213n²=cM22MA2[nucl.V1‚4]</span> <span class='ocrx_word' id='word_1_42' title='bbox 760 844 1124 919; x_wconf 71' lang='lat' dir='ltr'><em>=BM&gt;&lt;MH2MA².</em></span> 
     </span>
     <span class='ocr_line' id='line_1_8' title="bbox 105 973 1123 1063; baseline -0.003 -20"><span class='ocrx_word' id='word_1_43' title='bbox 105 979 218 1063; x_wconf 90' lang='lat' dir='ltr'>itaque</span> <span class='ocrx_word' id='word_1_44' title='bbox 237 979 342 1060; x_wconf 77' lang='lat' dir='ltr'>[Eucl.</span> <span class='ocrx_word' id='word_1_45' title='bbox 355 976 396 1063; x_wconf 88' lang='lat' dir='ltr'>V,</span> <span class='ocrx_word' id='word_1_46' title='bbox 411 979 446 1059; x_wconf 90' lang='grc'>9]</span> <span class='ocrx_word' id='word_1_47' title='bbox 468 981 551 1043; x_wconf 92' lang='lat' dir='ltr'>HM</span> <span class='ocrx_word' id='word_1_48' title='bbox 560 991 603 1046; x_wconf 94' lang='lat'>&gt;&lt;</span> <span class='ocrx_word' id='word_1_49' title='bbox 618 981 691 1042; x_wconf 86' lang='grc' dir='ltr'>ΜΒ</span> <span class='ocrx_word' id='word_1_50' title='bbox 706 973 858 1061; x_wconf 73' lang='lat' dir='ltr'>=,Mc³.</span> <span class='ocrx_word' id='word_1_51' title='bbox 894 999 1008 1041; x_wconf 89' lang='lat' dir='ltr'>uerum</span> <span class='ocrx_word' id='word_1_52' title='bbox 1023 977 1123 1040; x_wconf 90' lang='lat' dir='ltr'>etiarn</span> 
     </span>
    </p>
   </div>
   <div class='ocr_carea' id='block_1_5' title="bbox 103 1082 1123 1276">
    <p class='ocr_par' dir='ltr' id='par_1_5' title="bbox 103 1082 1123 1276">
     <span class='ocr_line' id='line_1_9' title="bbox 104 1082 1123 1170; baseline -0.004 -20"><span class='ocrx_word' id='word_1_53' title='bbox 104 1090 173 1150; x_wconf 80' lang='grc' dir='ltr'>ΘΔ</span> <span class='ocrx_word' id='word_1_54' title='bbox 187 1099 230 1154; x_wconf 94' lang='lat'>&gt;&lt;</span> <span class='ocrx_word' id='word_1_55' title='bbox 243 1088 311 1148; x_wconf 88' lang='grc' dir='ltr'>ΔΖ</span> <span class='ocrx_word' id='word_1_56' title='bbox 327 1114 369 1138; x_wconf 84' lang='lat'><em>=</em></span> <span class='ocrx_word' id='word_1_57' title='bbox 383 1082 484 1169; x_wconf 63' lang='lat' dir='ltr'>Am,</span> <span class='ocrx_word' id='word_1_58' title='bbox 507 1085 583 1169; x_wconf 87' lang='lat' dir='ltr'>quia</span> <span class='ocrx_word' id='word_1_59' title='bbox 606 1090 671 1149; x_wconf 86' lang='grc' dir='ltr'>ΑΖ</span> <span class='ocrx_word' id='word_1_60' title='bbox 695 1085 870 1170; x_wconf 81' lang='lat' dir='ltr'>contingit,</span> <span class='ocrx_word' id='word_1_61' title='bbox 894 1086 927 1148; x_wconf 92' lang='lat' dir='ltr'>et</span> <span class='ocrx_word' id='word_1_62' title='bbox 949 1087 1015 1148; x_wconf 80' lang='lat' dir='ltr'>Ac</span> <span class='ocrx_word' id='word_1_63' title='bbox 1038 1082 1123 1148; x_wconf 92' lang='lat' dir='ltr'>ordi-</span> 
     </span>
     <span class='ocr_line' id='line_1_10' title="bbox 103 1191 685 1276; baseline -0.003 -20"><span class='ocrx_word' id='word_1_64' title='bbox 103 1195 182 1256; x_wconf 90' lang='lat' dir='ltr'>nate</span> <span class='ocrx_word' id='word_1_65' title='bbox 205 1191 302 1255; x_wconf 87' lang='lat' dir='ltr'>ducta</span> <span class='ocrx_word' id='word_1_66' title='bbox 326 1196 376 1256; x_wconf 90' lang='lat' dir='ltr'>est</span> <span class='ocrx_word' id='word_1_67' title='bbox 400 1191 438 1275; x_wconf 92' lang='lat' dir='ltr'>[l,</span> <span class='ocrx_word' id='word_1_68' title='bbox 462 1192 530 1272; x_wconf 81' lang='grc'><strong>37].</strong></span> <span class='ocrx_word' id='word_1_69' title='bbox 575 1192 685 1276; x_wconf 88' lang='lat' dir='ltr'>iaque</span> 
     </span>
    </p>
   </div>
   <div class='ocr_carea' id='block_1_6' title="bbox 104 1309 1124 1398">
    <p class='ocr_par' dir='ltr' id='par_1_6' title="bbox 104 1309 1124 1398">
     <span class='ocr_line' id='line_1_11' title="bbox 104 1309 1124 1398; baseline -0.002 -18"><span class='ocrx_word' id='word_1_70' title='bbox 104 1309 1124 1398; x_wconf 75' lang='lat' dir='ltr'>HM&gt;&lt;MB†AB²=cA&gt;&lt;Az†Mc²=AM²</span> 
     </span>
    </p>
   </div>
   <div class='ocr_carea' id='block_1_7' title="bbox 104 1439 1129 1738">
    <p class='ocr_par' dir='ltr' id='par_1_7' title="bbox 104 1439 1129 1738">
     <span class='ocr_line' id='line_1_12' title="bbox 105 1439 1123 1525; baseline 0 -21"><span class='ocrx_word' id='word_1_71' title='bbox 105 1439 211 1522; x_wconf 79' lang='lat' dir='ltr'>[Eucl.</span> <span class='ocrx_word' id='word_1_72' title='bbox 225 1439 269 1524; x_wconf 93' lang='lat' dir='ltr'>II,</span> <span class='ocrx_word' id='word_1_73' title='bbox 288 1440 333 1522; x_wconf 92' lang='grc'>6].</span> <span class='ocrx_word' id='word_1_74' title='bbox 370 1444 431 1504; x_wconf 84' lang='grc' dir='ltr'>ΖΘ</span> <span class='ocrx_word' id='word_1_75' title='bbox 454 1440 554 1525; x_wconf 88' lang='lat' dir='ltr'>igitur</span> <span class='ocrx_word' id='word_1_76' title='bbox 572 1440 607 1505; x_wconf 92' lang='lat' dir='ltr'>in</span> <span class='ocrx_word' id='word_1_77' title='bbox 629 1443 667 1504; x_wconf 90' lang='lat' dir='ltr'><em>M</em></span> <span class='ocrx_word' id='word_1_78' title='bbox 687 1440 722 1505; x_wconf 93' lang='lat' dir='ltr'>in</span> <span class='ocrx_word' id='word_1_79' title='bbox 741 1440 822 1505; x_wconf 86' lang='lat' dir='ltr'>duas</span> <span class='ocrx_word' id='word_1_80' title='bbox 840 1445 951 1524; x_wconf 85' lang='lat' dir='ltr'>partes</span> <span class='ocrx_word' id='word_1_81' title='bbox 970 1440 1123 1525; x_wconf 75' lang='lat' dir='ltr'>aequales</span> 
     </span>
     <span class='ocr_line' id='line_1_13' title="bbox 104 1545 1129 1631; baseline -0.001 -20"><span class='ocrx_word' id='word_1_82' title='bbox 104 1549 194 1611; x_wconf 89' lang='lat' dir='ltr'>secta</span> <span class='ocrx_word' id='word_1_83' title='bbox 208 1550 259 1611; x_wconf 90' lang='lat' dir='ltr'>est</span> <span class='ocrx_word' id='word_1_84' title='bbox 272 1545 432 1611; x_wconf 89' lang='lat' dir='ltr'>adiectam</span> <span class='ocrx_word' id='word_1_85' title='bbox 446 1547 570 1611; x_wconf 91' lang='lat' dir='ltr'>habens</span> <span class='ocrx_word' id='word_1_86' title='bbox 585 1550 652 1609; x_wconf 91' lang='grc' dir='ltr'>ΔΖ</span> <span class='ocrx_word' id='word_1_87' title='bbox 671 1546 776 1627; x_wconf 79' lang='lat' dir='ltr'>[Eucl.</span> <span class='ocrx_word' id='word_1_88' title='bbox 789 1545 832 1631; x_wconf 95' lang='lat' dir='ltr'>II,</span> <span class='ocrx_word' id='word_1_89' title='bbox 847 1548 892 1627; x_wconf 86' lang='grc'>6].</span> <span class='ocrx_word' id='word_1_90' title='bbox 920 1567 937 1611; x_wconf 91' lang='lat' dir='ltr'>e</span> <span class='ocrx_word' id='word_1_91' title='bbox 966 1550 1041 1631; x_wconf 90' lang='lat' dir='ltr'>KZ,</span> <span class='ocrx_word' id='word_1_92' title='bbox 1052 1550 1129 1611; x_wconf 88' lang='lat' dir='ltr'>AM</span> 
     </span>
     <span class='ocr_line' id='line_1_14' title="bbox 105 1652 998 1738; baseline 0.001 -21"><span class='ocrx_word' id='word_1_93' title='bbox 105 1652 280 1737; x_wconf 84' lang='lat' dir='ltr'>parallelae</span> <span class='ocrx_word' id='word_1_94' title='bbox 305 1658 395 1738; x_wconf 82' lang='lat' dir='ltr'>sunt3</span> <span class='ocrx_word' id='word_1_95' title='bbox 418 1673 496 1738; x_wconf 84' lang='lat' dir='ltr'>ergo</span> <span class='ocrx_word' id='word_1_96' title='bbox 520 1655 589 1717; x_wconf 87' lang='grc' dir='ltr'>ΚΛ</span> <span class='ocrx_word' id='word_1_97' title='bbox 604 1683 646 1705; x_wconf 91' lang='lat'><em>=</em></span> <span class='ocrx_word' id='word_1_98' title='bbox 661 1655 726 1718; x_wconf 84' lang='grc' dir='ltr'>ΛΘ</span> <span class='ocrx_word' id='word_1_99' title='bbox 751 1653 855 1734; x_wconf 80' lang='lat' dir='ltr'>[Eucl.</span> <span class='ocrx_word' id='word_1_100' title='bbox 874 1652 930 1737; x_wconf 92' lang='lat' dir='ltr'>VI,</span> <span class='ocrx_word' id='word_1_101' title='bbox 953 1654 998 1734; x_wconf 79' lang='lat'>2].</span> 
     </span>
    </p>
   </div>
   <div class='ocr_carea' id='block_1_8' title="bbox 409 1881 691 1949">
    <p class='ocr_par' dir='ltr' id='par_1_8' title="bbox 409 1881 691 1949">
     <span class='ocr_line' id='line_1_15' title="bbox 409 1881 691 1949; baseline -0.004 0"><span class='ocrx_word' id='word_1_102' title='bbox 409 1922 416 1949; x_wconf 65' lang='lat'><em>0</em></span> <span class='ocrx_word' id='word_1_103' title='bbox 539 1881 691 1948; x_wconf 90' lang='lat' dir='ltr'>XXXIII.</span> 
     </span>
    </p>
   </div>
   <div class='ocr_carea' id='block_1_9' title="bbox 106 2004 1132 3585">
    <p class='ocr_par' dir='ltr' id='par_1_9' title="bbox 106 2004 1127 3031">
     <span class='ocr_line' id='line_1_16' title="bbox 175 2004 1127 2093; baseline -0.001 -21"><span class='ocrx_word' id='word_1_104' title='bbox 175 2004 210 2072; x_wconf 84' lang='lat' dir='ltr'>si</span> <span class='ocrx_word' id='word_1_105' title='bbox 234 2006 316 2071; x_wconf 87' lang='lat' dir='ltr'>duae</span> <span class='ocrx_word' id='word_1_106' title='bbox 340 2009 446 2072; x_wconf 87' lang='lat' dir='ltr'>rectae</span> <span class='ocrx_word' id='word_1_107' title='bbox 470 2007 640 2090; x_wconf 79' lang='lat' dir='ltr'>oppositas</span> <span class='ocrx_word' id='word_1_108' title='bbox 663 2007 895 2093; x_wconf 81' lang='lat' dir='ltr'>contingentes</span> <span class='ocrx_word' id='word_1_109' title='bbox 919 2011 1127 2092; x_wconf 87' lang='lat' dir='ltr'>concurrunt,</span> 
     </span>
     <span class='ocr_line' id='line_1_17' title="bbox 107 2115 1126 2200; baseline 0.001 -23"><span class='ocrx_word' id='word_1_110' title='bbox 107 2134 168 2198; x_wconf 86' lang='lat' dir='ltr'>per</span> <span class='ocrx_word' id='word_1_111' title='bbox 203 2117 326 2197; x_wconf 87' lang='lat' dir='ltr'>puncta</span> <span class='ocrx_word' id='word_1_112' title='bbox 363 2116 471 2178; x_wconf 90' lang='lat' dir='ltr'>autem</span> <span class='ocrx_word' id='word_1_113' title='bbox 504 2117 672 2179; x_wconf 90' lang='lat' dir='ltr'>contactus</span> <span class='ocrx_word' id='word_1_114' title='bbox 705 2118 794 2179; x_wconf 89' lang='lat' dir='ltr'>recta</span> <span class='ocrx_word' id='word_1_115' title='bbox 826 2115 966 2200; x_wconf 75' lang='lat' dir='ltr'>ducitur,</span> <span class='ocrx_word' id='word_1_116' title='bbox 1003 2120 1036 2181; x_wconf 92' lang='lat' dir='ltr'>et</span> <span class='ocrx_word' id='word_1_117' title='bbox 1067 2134 1126 2199; x_wconf 91' lang='lat' dir='ltr'>per</span> 
     </span>
     <span class='ocr_line' id='line_1_18' title="bbox 109 2221 1127 2306; baseline 0.001 -22"><span class='ocrx_word' id='word_1_118' title='bbox 109 2222 266 2305; x_wconf 83' lang='lat' dir='ltr'>punctum</span> <span class='ocrx_word' id='word_1_119' title='bbox 290 2241 463 2287; x_wconf 83' lang='lat' dir='ltr'>concursus</span> <span class='ocrx_word' id='word_1_120' title='bbox 486 2221 748 2304; x_wconf 84' lang='lat' dir='ltr'>contingentium</span> <span class='ocrx_word' id='word_1_121' title='bbox 770 2225 860 2287; x_wconf 86' lang='lat' dir='ltr'>recta</span> <span class='ocrx_word' id='word_1_122' title='bbox 877 2225 986 2287; x_wconf 87' lang='lat' dir='ltr'>rectae</span> <span class='ocrx_word' id='word_1_123' title='bbox 1004 2225 1127 2306; x_wconf 87' lang='lat' dir='ltr'>puncta</span> 
     </span>
     <span class='ocr_line' id='line_1_19' title="bbox 109 2326 1126 2412; baseline -0.001 -21"><span class='ocrx_word' id='word_1_124' title='bbox 109 2329 279 2391; x_wconf 88' lang='lat' dir='ltr'>contactus</span> <span class='ocrx_word' id='word_1_125' title='bbox 302 2327 511 2412; x_wconf 80' lang='lat' dir='ltr'>coniungenti</span> <span class='ocrx_word' id='word_1_126' title='bbox 533 2327 695 2411; x_wconf 88' lang='lat' dir='ltr'>parallela</span> <span class='ocrx_word' id='word_1_127' title='bbox 717 2326 860 2410; x_wconf 77' lang='lat' dir='ltr'>ducitur,</span> <span class='ocrx_word' id='word_1_128' title='bbox 886 2349 945 2411; x_wconf 89' lang='lat' dir='ltr'>per</span> <span class='ocrx_word' id='word_1_129' title='bbox 966 2331 1126 2410; x_wconf 88' lang='lat' dir='ltr'>punctum</span> 
     </span>
     <span class='ocr_line' id='line_1_20' title="bbox 107 2433 1126 2517; baseline -0.001 -20"><span class='ocrx_word' id='word_1_130' title='bbox 107 2434 218 2497; x_wconf 87' lang='lat' dir='ltr'>autem</span> <span class='ocrx_word' id='word_1_131' title='bbox 246 2433 388 2497; x_wconf 91' lang='lat' dir='ltr'>medium</span> <span class='ocrx_word' id='word_1_132' title='bbox 415 2437 523 2497; x_wconf 87' lang='lat' dir='ltr'>rectae</span> <span class='ocrx_word' id='word_1_133' title='bbox 550 2436 673 2516; x_wconf 89' lang='lat' dir='ltr'>puncta</span> <span class='ocrx_word' id='word_1_134' title='bbox 700 2435 869 2498; x_wconf 90' lang='lat' dir='ltr'>contactus</span> <span class='ocrx_word' id='word_1_135' title='bbox 896 2433 1126 2517; x_wconf 86' lang='lat' dir='ltr'>coniungentis</span> 
     </span>
     <span class='ocr_line' id='line_1_21' title="bbox 106 2538 1126 2624; baseline 0 -22"><span class='ocrx_word' id='word_1_136' title='bbox 106 2541 198 2603; x_wconf 89' lang='lat' dir='ltr'>recta</span> <span class='ocrx_word' id='word_1_137' title='bbox 231 2539 382 2604; x_wconf 92' lang='lat' dir='ltr'>alterutri</span> <span class='ocrx_word' id='word_1_138' title='bbox 410 2541 673 2624; x_wconf 85' lang='lat' dir='ltr'>asymptotarum</span> <span class='ocrx_word' id='word_1_139' title='bbox 700 2538 858 2622; x_wconf 86' lang='lat' dir='ltr'>parallela</span> <span class='ocrx_word' id='word_1_140' title='bbox 890 2538 1018 2603; x_wconf 80' lang='lat' dir='ltr'>ducitur</span> <span class='ocrx_word' id='word_1_141' title='bbox 1050 2560 1126 2604; x_wconf 91' lang='lat' dir='ltr'>con-</span> 
     </span>
     <span class='ocr_line' id='line_1_22' title="bbox 112 2647 1125 2729; baseline -0.001 -20"><span class='ocrx_word' id='word_1_142' title='bbox 112 2665 246 2709; x_wconf 88' lang='lat' dir='ltr'>currens</span> <span class='ocrx_word' id='word_1_143' title='bbox 269 2668 342 2711; x_wconf 89' lang='lat' dir='ltr'>cum</span> <span class='ocrx_word' id='word_1_144' title='bbox 365 2647 508 2712; x_wconf 85' lang='lat' dir='ltr'>sectione</span> <span class='ocrx_word' id='word_1_145' title='bbox 532 2649 565 2710; x_wconf 89' lang='lat' dir='ltr'>et</span> <span class='ocrx_word' id='word_1_146' title='bbox 588 2666 661 2710; x_wconf 91' lang='lat' dir='ltr'>cum</span> <span class='ocrx_word' id='word_1_147' title='bbox 683 2647 773 2709; x_wconf 90' lang='lat' dir='ltr'>recta</span> <span class='ocrx_word' id='word_1_148' title='bbox 796 2666 853 2728; x_wconf 92' lang='lat' dir='ltr'>per</span> <span class='ocrx_word' id='word_1_149' title='bbox 875 2647 1031 2729; x_wconf 88' lang='lat' dir='ltr'>punctum</span> <span class='ocrx_word' id='word_1_150' title='bbox 1051 2666 1125 2709; x_wconf 89' lang='lat' dir='ltr'>con-</span> 
     </span>
     <span class='ocr_line' id='line_1_23' title="bbox 107 2749 1126 2837; baseline -0.002 -21"><span class='ocrx_word' id='word_1_151' title='bbox 107 2772 221 2817; x_wconf 87' lang='lat' dir='ltr'>cursus</span> <span class='ocrx_word' id='word_1_152' title='bbox 249 2752 407 2837; x_wconf 90' lang='lat' dir='ltr'>parallela</span> <span class='ocrx_word' id='word_1_153' title='bbox 433 2753 544 2836; x_wconf 88' lang='lat' dir='ltr'>ducta,</span> <span class='ocrx_word' id='word_1_154' title='bbox 575 2755 664 2816; x_wconf 85' lang='lat' dir='ltr'>recta</span> <span class='ocrx_word' id='word_1_155' title='bbox 690 2751 777 2815; x_wconf 85' lang='lat' dir='ltr'>inter</span> <span class='ocrx_word' id='word_1_156' title='bbox 798 2756 956 2834; x_wconf 90' lang='lat' dir='ltr'>punctum</span> <span class='ocrx_word' id='word_1_157' title='bbox 984 2749 1126 2815; x_wconf 90' lang='lat' dir='ltr'>medium</span> 
     </span>
     <span class='ocr_line' id='line_1_24' title="bbox 107 2856 1127 2944; baseline -0.001 -23"><span class='ocrx_word' id='word_1_158' title='bbox 107 2858 362 2944; x_wconf 85' lang='lat' dir='ltr'>parallelamque</span> <span class='ocrx_word' id='word_1_159' title='bbox 380 2858 490 2943; x_wconf 89' lang='lat' dir='ltr'>posita</span> <span class='ocrx_word' id='word_1_160' title='bbox 509 2880 528 2922; x_wconf 91' lang='lat' dir='ltr'>a</span> <span class='ocrx_word' id='word_1_161' title='bbox 548 2858 691 2923; x_wconf 86' lang='lat' dir='ltr'>sectione</span> <span class='ocrx_word' id='word_1_162' title='bbox 704 2857 739 2921; x_wconf 93' lang='lat' dir='ltr'>in</span> <span class='ocrx_word' id='word_1_163' title='bbox 753 2856 833 2921; x_wconf 90' lang='lat' dir='ltr'>duas</span> <span class='ocrx_word' id='word_1_164' title='bbox 847 2859 957 2940; x_wconf 78' lang='lat' dir='ltr'>partes</span> <span class='ocrx_word' id='word_1_165' title='bbox 974 2857 1127 2941; x_wconf 78' lang='lat' dir='ltr'>aequales</span> 
     </span>
     <span class='ocr_line' id='line_1_25' title="bbox 107 2964 281 3031; baseline 0.017 -4"><span class='ocrx_word' id='word_1_166' title='bbox 107 2964 281 3031; x_wconf 87' lang='lat' dir='ltr'>secabitur.</span> 
     </span>
    </p>

    <p class='ocr_par' dir='ltr' id='par_1_10' title="bbox 107 3071 1132 3585">
     <span class='ocr_line' id='line_1_26' title="bbox 177 3071 1128 3159; baseline -0.002 -23"><span class='ocrx_word' id='word_1_167' title='bbox 177 3073 244 3137; x_wconf 87' lang='lat' dir='ltr'>sint</span> <span class='ocrx_word' id='word_1_168' title='bbox 257 3074 427 3159; x_wconf 88' lang='lat' dir='ltr'>oppositae</span> <span class='ocrx_word' id='word_1_169' title='bbox 437 3075 541 3157; x_wconf 77' lang='grc' dir='ltr'>ΑΒΓ,</span> <span class='ocrx_word' id='word_1_170' title='bbox 552 3075 649 3136; x_wconf 87' lang='grc' dir='ltr'>ΔΕΖ</span> <span class='ocrx_word' id='word_1_171' title='bbox 663 3071 955 3156; x_wconf 81' lang='lat' dir='ltr'>contingentesque</span> <span class='ocrx_word' id='word_1_172' title='bbox 965 3074 1041 3156; x_wconf 80' lang='grc' dir='ltr'>ΑΗ,</span> <span class='ocrx_word' id='word_1_173' title='bbox 1049 3073 1128 3153; x_wconf 84' lang='grc' dir='ltr'>ΔΗ,</span> 
     </span>
     <span class='ocr_line' id='line_1_27' title="bbox 108 3170 1132 3264; baseline -0.001 -22"><span class='ocrx_word' id='word_1_174' title='bbox 108 3183 256 3245; x_wconf 84' lang='lat' dir='ltr'>centrum</span> <span class='ocrx_word' id='word_1_175' title='bbox 280 3183 390 3245; x_wconf 88' lang='lat' dir='ltr'>antem</span> <span class='ocrx_word' id='word_1_176' title='bbox 413 3170 442 3244; x_wconf 81' lang='lat' dir='ltr'>&#39;a</span> <span class='ocrx_word' id='word_1_177' title='bbox 465 3184 498 3244; x_wconf 90' lang='lat' dir='ltr'>et</span> <span class='ocrx_word' id='word_1_178' title='bbox 521 3180 709 3264; x_wconf 85' lang='lat' dir='ltr'>asymptota</span> <span class='ocrx_word' id='word_1_179' title='bbox 733 3180 811 3260; x_wconf 80' lang='grc' dir='ltr'>ΚΘ,</span> <span class='ocrx_word' id='word_1_180' title='bbox 835 3176 1035 3262; x_wconf 75' lang='lat' dir='ltr'>duceturque</span> <span class='ocrx_word' id='word_1_181' title='bbox 1058 3180 1132 3241; x_wconf 82' lang='grc' dir='ltr'>ΘΗ</span> 
     </span>
     <span class='ocr_line' id='line_1_28' title="bbox 107 3283 1126 3370; baseline -0.001 -22"><span class='ocrx_word' id='word_1_182' title='bbox 107 3287 143 3348; x_wconf 91' lang='lat' dir='ltr'>et</span> <span class='ocrx_word' id='word_1_183' title='bbox 155 3286 363 3370; x_wconf 87' lang='lat' dir='ltr'>producatur,</span> <span class='ocrx_word' id='word_1_184' title='bbox 382 3286 518 3352; x_wconf 84' lang='lat' dir='ltr'>ducatur</span> <span class='ocrx_word' id='word_1_185' title='bbox 534 3289 643 3350; x_wconf 84' lang='lat' dir='ltr'>autern</span> <span class='ocrx_word' id='word_1_186' title='bbox 662 3284 759 3349; x_wconf 92' lang='lat' dir='ltr'>etiarn</span> <span class='ocrx_word' id='word_1_187' title='bbox 774 3288 894 3370; x_wconf 81' lang='lat' dir='ltr'><em>AAA3</em></span> <span class='ocrx_word' id='word_1_188' title='bbox 917 3283 1126 3349; x_wconf 86' lang='lat' dir='ltr'>manifestum</span> 
     </span>
     <span class='ocr_line' id='line_1_29' title="bbox 109 3388 1127 3478; baseline -0.002 -21"><span class='ocrx_word' id='word_1_189' title='bbox 109 3393 220 3478; x_wconf 79' lang='lat' dir='ltr'>igitur,</span> <span class='ocrx_word' id='word_1_190' title='bbox 239 3414 311 3457; x_wconf 86' lang='lat' dir='ltr'>eam</span> <span class='ocrx_word' id='word_1_191' title='bbox 324 3392 358 3457; x_wconf 91' lang='lat' dir='ltr'>in</span> <span class='ocrx_word' id='word_1_192' title='bbox 373 3397 404 3457; x_wconf 83' lang='lat' dir='ltr'><em>A</em></span> <span class='ocrx_word' id='word_1_193' title='bbox 422 3392 457 3456; x_wconf 93' lang='lat' dir='ltr'>in</span> <span class='ocrx_word' id='word_1_194' title='bbox 476 3392 556 3456; x_wconf 86' lang='lat' dir='ltr'>duas</span> <span class='ocrx_word' id='word_1_195' title='bbox 574 3395 687 3476; x_wconf 87' lang='lat' dir='ltr'>partes</span> <span class='ocrx_word' id='word_1_196' title='bbox 702 3391 854 3474; x_wconf 87' lang='lat' dir='ltr'>aequales</span> <span class='ocrx_word' id='word_1_197' title='bbox 871 3391 973 3456; x_wconf 86' lang='lat' dir='ltr'>secari</span> <span class='ocrx_word' id='word_1_198' title='bbox 989 3388 1043 3473; x_wconf 93' lang='lat' dir='ltr'>[lI,</span> <span class='ocrx_word' id='word_1_199' title='bbox 1058 3390 1127 3470; x_wconf 86' lang='grc'><strong>30].</strong></span> 
     </span>
     <span class='ocr_line' id='line_1_30' title="bbox 108 3496 1128 3585; baseline -0.004 -22"><span class='ocrx_word' id='word_1_200' title='bbox 108 3500 175 3563; x_wconf 90' lang='lat' dir='ltr'>iam</span> <span class='ocrx_word' id='word_1_201' title='bbox 203 3520 262 3583; x_wconf 90' lang='lat' dir='ltr'>per</span> <span class='ocrx_word' id='word_1_202' title='bbox 284 3503 333 3585; x_wconf 88' lang='lat' dir='ltr'>H,</span> <span class='ocrx_word' id='word_1_203' title='bbox 351 3503 380 3563; x_wconf 84' lang='grc' dir='ltr'>Θ</span> <span class='ocrx_word' id='word_1_204' title='bbox 407 3502 514 3564; x_wconf 86' lang='lat' dir='ltr'>rectae</span> <span class='ocrx_word' id='word_1_205' title='bbox 538 3502 608 3563; x_wconf 87' lang='grc' dir='ltr'>ΑΔ</span> <span class='ocrx_word' id='word_1_206' title='bbox 635 3496 812 3582; x_wconf 87' lang='lat' dir='ltr'>parallelae</span> <span class='ocrx_word' id='word_1_207' title='bbox 840 3496 999 3562; x_wconf 88' lang='lat' dir='ltr'>ducantur</span> <span class='ocrx_word' id='word_1_208' title='bbox 1022 3498 1128 3581; x_wconf 79' lang='grc' dir='ltr'><strong><em>ΒΘΕ,</em></strong></span> 
     </span>
    </p>
   </div>
   <div class='ocr_carea' id='block_1_10' title="bbox 0 0 1237 3916">
    <p class='ocr_par' dir='ltr' id='par_1_11' title="bbox 0 0 1237 3916">
     <span class='ocr_line' id='line_1_31' title="bbox 0 0 1237 3916; baseline 0 0"><span class='ocrx_word' id='word_1_209' title='bbox 0 0 1237 3916; x_wconf 95' lang='lat' dir='ltr'> </span> 
     </span>
    </p>
   </div>
  </div>
 </body>
</html>
