2438 3892
126 130 192 195 270
525 131 692 186 Καμικοα
711 127 749 204 ρ’.
873 116 876 123 “

127 269 186 340 ἐὰν
215 266 278 340 οὖν
306 272 456 360 τάξωμεν
485 272 591 340 δοθὲν
614 275 650 339 τὸ
674 278 718 358 Γ,
742 276 834 340 ἔσται
858 277 1002 341 δοθεῖσα
1024 270 1044 360 ή
1067 280 1130 343 ΓΚ.

127 375 210 446 ὥστε
240 376 257 446 ὁ
285 380 411 470 κέντρφ
435 382 481 470 τῷ
505 385 552 463 K,
582 377 780 465 διαστήματι
804 378 841 446 δὲ
865 383 910 471 τῷ
934 385 1006 447 ΚΓ
1022 380 1132 460 κύκλος

127 485 339 572 γραφόμενος
365 483 435 571 ήξει
463 484 518 551 καὶ
547 482 603 552 διὰ
630 487 692 552 τοῦ
716 493 748 552 A
777 485 832 552 καὶ
857 490 949 553 ἔσται
972 487 1068 554 θέσει
1090 491 1131 554 δε

128 593 278 678 δομένος.
328 597 397 660 ἔστι
425 590 463 659 δέ
489 591 545 659 καλ
571 587 592 676 ή
621 596 727 658 ΑΒΓ
748 595 832 679 τομή
862 596 1008 660 δοθεῖσα
1034 594 1133 661 θέσει·

73 718 107 794 ,ο
127 696 234 765 δοθὲν
263 695 328 784 δι’ρα
356 700 393 765 τὸ
422 706 460 765 Α.
511 702 581 764 ἔστι
608 696 646 765 δὲ
672 697 728 764 καὶ
755 701 792 764 τὸ
820 703 853 765 Γ
877 699 998 767 δοθέν·
1049 701 1135 768 θέσει

126 801 191 890 ἄρα
223 801 244 889 ή
275 809 348 871 ΓΑ.
397 808 456 870 καί
485 805 576 871 ἐστιν
605 811 660 890 ῖσή
688 800 708 890 ή
737 809 803 870 ΓΔ
830 807 870 892 νή
900 813 985 872 ΔΑ·
1037 805 1134 874 δοθλν

126 908 192 996 ἄρα
219 914 257 978 τὸ
280 918 322 978 Δ.
367 908 453 978 ἀλλὰ
481 910 537 978 καὶ
565 913 602 978 τὸ
626 917 661 977 Κ
684 911 801 978 δοθέν·
849 915 994 979 δοθεῖσα
1016 910 1083 999 ἄρα
1103 921 1136 1000 τῇ

125 1019 220 1086 θέσει
243 1014 264 1103 ή
290 1022 370 1084 ΔΚ.

194 1121 436 1208 σνντεθήσεται
469 1126 510 1208 δή
543 1121 661 1202 οὕτως·
712 1127 795 1190 ἔστω
823 1122 843 1209 ή
873 1127 1018 1192 δοθεῖσα
1045 1123 1136 1208 ὑπερ-

75 1251 107 1300 10
126 1233 210 1316 βολὴ
233 1226 254 1316 ή
279 1234 422 1310 ἔλλειψις
445 1226 466 1315 ή
486 1235 600 1309 ΑΒΓ,
624 1229 679 1296 καὶ
703 1227 856 1316 εἰλήφθω
881 1228 986 1317 αὐτῆς
1002 1232 1136 1319 κέντρον

125 1341 163 1405 τὸ
187 1345 231 1405 Κ·
279 1336 432 1424 εἰλήφθω
462 1336 500 1405 δὲ
527 1336 580 1404 ἐπὶ
607 1347 664 1421 τής
688 1340 792 1423 τομῆς
814 1341 917 1423 τυχὸν
942 1351 1083 1424 σημεῖον
1104 1341 1136 1404 τὸ

126 1450 165 1530 Γ,
188 1444 245 1512 καὶ
263 1445 387 1535 κέντρῳ
406 1447 451 1535 τῷ
471 1449 514 1529 Κ,
536 1447 608 1510 δια-

127 1551 266 1639 στήματι
287 1551 324 1620 δὲ
341 1554 387 1642 τῷ
403 1556 472 1617 ΚΓ
486 1549 608 1628 κύκλος

125 1657 311 1745 γεγράφθω
345 1655 362 1725 ὁ
396 1663 515 1741 ΓΕΑ,
552 1655 608 1724 καὶ

75 1782 106 1832 15
127 1765 313 1850 ἐπεζεύχθω
333 1762 400 1849 ήΓ
401 1770 433 1828 Α
456 1763 512 1830 καὶ
532 1767 608 1848 δίχα
681 1843 683 1846 ⁴

125 1868 300 1956 τετμήσθω
322 1868 460 1936 κατὰτὸ
481 1877 528 1953 Δ,
552 1869 608 1936 καὶ

126 1973 379 2062 ἐπεζεύχθωσαν
392 1978 429 2042 αλ
438 1981 473 2041 Κ
477 1981 514 2059 Γ,
525 1981 558 2042 Κ
563 1982 607 2061 Δ,

126 2088 212 2166 ΚΑ,
243 2080 300 2148 καὶ
333 2080 463 2168 διήχθω
493 2079 606 2165 ήΚΔ

126 2189 178 2256 ἐπὶ
202 2188 238 2255 τὸ
263 2194 301 2255 Β.
725 2206 760 2255 Α

72 2319 106 2367 20
192 2296 261 2364 ἐπεὶ
295 2288 357 2363 οὖν
392 2305 446 2382 ῖση
480 2298 570 2364 ἐστὶν
602 2293 623 2381 ή
651 2304 723 2362 ΑΔ
750 2300 789 2383 τῇ
817 2301 897 2379 ΔΓ,
930 2295 1028 2382 κοινή
1058 2292 1137 2380 δδή

125 2411 212 2488 ΔΚ,
236 2402 297 2471 δύο
322 2401 387 2488 ἄρα
411 2406 448 2470 αδ
465 2410 569 2471 ΓΔΚ
593 2402 655 2470 δύο
679 2417 751 2482 ταῖς
769 2409 880 2469 ΑΑΚ
898 2410 968 2469 λ’σοιι
988 2406 1064 2486 εἰσί,
1087 2401 1138 2468 καὶ

125 2510 223 2593 βάσις
250 2508 270 2596 ή
300 2516 369 2576 ΚΑ
395 2514 435 2597 τή
464 2515 535 2577 ΚΓ
557 2518 622 2595 λ’ση.
671 2506 691 2593 ή
721 2506 786 2592 ἄρα
815 2516 920 2575 ΚΒΑ
947 2507 1009 2593 τήν
1040 2512 1141 2575 ΑΑΓ

126 2621 202 2703 δίχα
216 2643 251 2684 τε
269 2617 324 2683 καλ
344 2620 427 2703 πρὸς
443 2611 551 2702 ὀρθὰς
564 2615 687 2699 τέμνει.
721 2611 810 2693 ἄξων
829 2610 895 2699 ἄρα
915 2613 1006 2680 ἐστὶν
1026 2611 1046 2699 ή
1062 2620 1095 2680 Κ
1100 2621 1139 2680 Δ.

192 2721 287 2810 ήχθω
312 2720 367 2790 διὰ
391 2727 451 2790 τοῦ
471 2728 505 2788 Κ
525 2724 565 2807 τῇ
585 2726 650 2787 ΓΑ
675 2718 887 2805 παράλληλος
907 2716 927 2804 ή
948 2725 1079 2786 ΜΚΝ·
1119 2716 1137 2804 ἡ

71 2848 105 2897 25
126 2824 191 2910 ἄρα
216 2834 297 2893 MN
317 2826 406 2908 ἄξων
431 2827 500 2896 ἐστὶ
522 2830 580 2912 τής
602 2829 707 2913 τομής
729 2822 872 2911 σνζνγής
895 2828 934 2912 τή
959 2832 1035 2892 ΒΚ.

599 3004 658 3089 ον’

192 3125 428 3209 Δεδειγμένων
452 3125 494 3211 δή
518 3126 646 3194 τούτων
671 3127 745 3212 ἑξής
768 3131 850 3193 ἔστω
874 3126 991 3210 δεῖξαι,
1016 3126 1068 3193 ὅτι
1086 3125 1138 3193 ἄλ·

125 3242 177 3301 λοι
201 3230 316 3312 ἄξονες
339 3235 406 3298 τῶν
431 3230 544 3299 αὐτῶν
568 3238 680 3320 τομῶν
706 3231 767 3299 οὐκ
791 3237 886 3299 εἰσίν.

198 3418 221 3465 7.
241 3409 375 3479 δοθεῖσα]
396 3424 450 3462 om.
466 3408 503 3473 v;
523 3425 625 3478 comp
646 3406 748 3476 (δοθέν
768 3412 842 3479 om.).
899 3415 923 3464 9.
944 3405 991 3477 δή]
1011 3425 1038 3476 p,
1058 3406 1091 3462 δέ
1107 3409 1136 3461 V.

164 3490 204 3539 17.
223 3481 291 3553 ΚΔ]
311 3481 363 3535 καί
380 3479 416 3548 V5
437 3495 505 3533 corr.
525 3497 558 3547 p;
578 3480 632 3532 del.
652 3481 762 3549 Halley.
