2438 3892
117 157 187 221 416
520 153 687 206 mm
705 148 745 222 τ’·

119 298 177 364 καὶ
195 294 454 383 ἀναστρέψαντι,
473 297 518 372 ὡς
536 290 556 380 A
571 299 637 361 EF
656 297 739 381 πρὸς
757 300 830 378 ΕΖ,
850 289 949 379 APA
968 291 1047 380 πρὸς
1059 293 1124 370 ΑΞ·

122 402 280 488 διελόντι,
303 405 348 481 ὡς
370 399 391 488 η
413 406 474 468 ΓΖ
497 403 579 485 πρὸς
601 406 674 485 ΖΕ,
697 396 802 486 ἡΓΞ
821 403 906 487 πρὸς
929 397 1003 475 ΞΑ.
1037 397 1125 467 πάλιν

123 511 194 578 ἐπεὶ
221 506 399 596 διάμετρός
426 509 519 574 ἐστιν
545 502 566 592 ἡ
597 512 669 572 ΜΒ
696 505 752 572 καὶ
781 506 996 593 ἐφαπτομένη
1025 502 1045 592 A
1067 512 1127 573 AN

123 616 179 683 καὶ
202 614 389 700 κατηνμένη
413 608 434 699 ἡ
459 619 537 696 AO,
562 620 616 699 ἴση
642 612 733 680 ἐστὶν
756 609 777 697 ἡ
801 619 869 680 ΝΒ
892 615 934 701 τῇ
956 619 1020 680 ΒΟ
1041 612 1093 680 καὶ
1111 608 1128 697 A

87 729 199 790 οΝΔ
221 724 261 809 τῇ
286 726 364 788 AA.
411 723 481 785 ἔστι
505 718 542 786 δὲ
559 717 616 785 καὶ
640 715 660 804 A
685 724 753 785 ΕΚ
779 721 820 807 τῇ
843 725 927 786 ΚΑ·
966 716 1127 806 ὧςᾶραὴ

124 835 193 895 ΑΕ
214 829 297 913 πρὸς
319 817 404 909 ΑΚ,
432 821 453 909 ἡ
479 830 545 891 NA
568 827 651 910 πρὸς
673 831 753 891 ΑΛ·
785 823 940 911 εναιιτξ,
964 827 1008 906 ες
1029 823 1050 912 ἡ
1073 831 1128 892 ιιι

123 937 206 1020 πρὸς
225 938 308 1017 ΑΝ,
332 929 352 1016 A
372 937 407 997 Κ
414 939 442 998 Α
460 933 543 1017 πρὸς
559 938 637 997 AA.
675 927 749 998 ἀλλ’
771 934 816 1010 ὡς
833 932 854 1018 η
874 939 942 999 EA
959 937 1042 1018 πρὸς
1059 937 1128 1015 ΑΝ,

122 1037 143 1126 A
164 1045 236 1104 HA
258 1041 340 1122 πρὸς
359 1037 435 1112 ΑΞ·
467 1037 521 1104 καὶ
541 1039 585 1116 ὡς
603 1036 670 1123 ίίρα
688 1033 709 1123 A
730 1043 800 1104 ΚΑ
821 1041 904 1123 πρὸς
924 1045 1005 1124 AA,
1027 1036 1048 1126 A
1070 1045 1128 1106 HA

124 1147 207 1231 πρὸς
229 1144 302 1218 ΑΞ.
348 1147 417 1210 ἔστι
441 1142 479 1210 δὲ
501 1147 574 1229 καί,
599 1140 645 1223 ὡς
667 1140 688 1228 A
714 1150 774 1210 ΓΑ
801 1147 884 1231 πρὸς
910 1151 1000 1231 ΛΗ,
1032 1143 1128 1232 AEA

125 1355 206 1443 ἄρα,
231 1355 277 1434 ὡς
299 1352 320 1441 A
344 1360 404 1422 ΓΑ
426 1358 508 1442 πρὸς
532 1358 610 1442 ΑΞ,
634 1353 655 1441 A
679 1363 746 1423 EA
768 1359 850 1444 πρὸς
873 1366 955 1424 ΑΔ·
986 1358 1129 1441 διελόντι,

126 1460 171 1542 ὡς
189 1459 209 1547 ἡ
229 1463 291 1537 ΓΞ
311 1465 394 1545 πρὸς
412 1463 489 1551 ΞΑ,
512 1458 533 1548 A
554 1469 622 1529 EA
644 1466 728 1546 πρὸς
746 1469 820 1531 ΔΑ.
858 1465 996 1552 ἐδείχθη
1021 1464 1058 1533 δὲ
1074 1468 1129 1547 καί,

126 1565 172 1647 ὥς
194 1565 214 1654 A
239 1569 301 1645 ΓΞ
321 1571 404 1652 πρὸς
426 1570 506 1654 ΑΞ,
535 1565 554 1654 ἡ
579 1573 640 1635 ΓΖ
662 1573 745 1654 πρὸς
769 1576 844 1636 ΖΕ·
879 1567 926 1650 ὡς
948 1569 1015 1659 ἄρα
1038 1569 1058 1658 A
1081 1576 1129 1639 ΓΖ

125 1679 208 1761 πρὸς
231 1681 309 1760 ΖΕ,
336 1671 357 1761 A
383 1681 450 1741 EA
473 1678 555 1763 πρὸς
579 1683 654 1742 ΑΔ.
699 1674 801 1743 πάλιν
826 1678 900 1744 ἐπεί
920 1677 1027 1764 ἐστιν,
1055 1672 1129 1762 δςὴ

15 1864 19 1873 ¹
74 1799 106 1848 16
126 1783 190 1856 ΓΞ
209 1784 291 1867 πρὸς
314 1783 389 1865 ΞΑ,
413 1782 434 1868 A
457 1787 528 1848 ΓΠ
547 1784 629 1867 πρὸς
652 1771 729 1867 AO,
753 1787 813 1849 καί
832 1783 925 1850 ἐστιν
947 1781 967 1869 ἡ
992 1783 1054 1871 μὲν
1076 1787 1130 1851 ΓΠ

72 1908 76 1915 ’
124 1891 184 1971 της
206 1893 268 1953 ΒΖ
297 1890 413 1973 διπλῆ,
447 1886 515 1953 ἐπεὶ
544 1887 600 1954 καὶ
623 1884 643 1973 A
669 1892 746 1955 ΓΜ
767 1892 825 1974 της
848 1895 937 1975 ΜΖ,
969 1888 991 1976 A
1017 1888 1132 1958 ‹5on

125 1993 182 2076 της
212 1997 291 2075 BA,
325 1991 394 2058 ἐπεὶ
422 1992 477 2058 καὶ
505 1988 526 2076 ἡ
555 1999 631 2059 AN
657 2005 717 2080 τῆς
744 2001 829 2080 ΝΔ,
863 1993 908 2074 ὡς
941 1994 1008 2083 ἄρα
1036 1994 1056 2082 A
1083 2001 1109 2063 Γ
1110 1996 1134 2070 Ξ

125 2098 207 2181 πρὸς
230 2098 308 2181 ΞΑ,
342 2095 362 2182 ἡ
388 2105 448 2163 ΖΒ
476 2102 560 2184 πρὸς
583 2106 650 2179 BA
677 2101 732 2167 καὶ
760 2097 781 2186 A
804 2107 835 2167 Γ
838 2109 865 2166 Ζ
891 2105 974 2188 πρὸς
1000 2110 1064 2170 ΖΕ
1086 2103 1134 2169 καὶ

125 2200 146 2287 A
170 2209 238 2268 EA
260 2206 342 2288 πρὸς
366 2210 440 2270 AA.

72 2383 107 2433 νο
602 2365 670 2450 μβ’.

191 2488 270 2556 Ἐοιν
294 2491 330 2556 ἐν
355 2485 523 2576 ὑπερβολῇ
548 2485 568 2574 A
594 2493 734 2569 ἐλλείψει
758 2487 778 2576 A
799 2491 925 2559 κύκλου
947 2499 1137 2581 περιφερείᾳ

126 2592 147 2681 A
170 2609 242 2675 ταῖς
265 2592 507 2682 ἀντικειμέναις
531 2593 586 2672 ἀπ’
609 2594 713 2682 ἄκρας
730 2601 789 2682 της
809 2599 991 2686 διαμέτρου
1011 2598 1137 2686 ἆχθῶσι

126 2701 214 2787 παρὰ
237 2702 442 2787 τεταγμένως
464 2701 684 2787 κατηγμένην,
708 2701 791 2788 ἄλλη
813 2705 852 2770 δέ
867 2731 927 2789 τις,
952 2702 998 2784 ὡς
1018 2711 1138 2792 ἔτυχεν,

125 2807 214 2891 ἄχθη
245 2809 471 2894 ἐφαπτομένη,
501 2806 657 2894 ἄποτεμεί
683 2806 739 2874 ἀπ’
766 2807 877 2878 αὐτῶν
901 2807 1038 2892 εὐθείας
1068 2822 1138 2880 ἴσον

72 2925 106 2973 25
124 2911 344 2995 περιεχούσας
365 2918 410 3003 τῷ
430 2913 572 3003 τετάρτῳ
596 2915 688 3000 μέρει
712 2919 773 2981 τοῦ
798 2921 879 3001 πρὸς
902 2920 942 3004 τῇ
962 2916 1048 3007 αὐτῇ
1073 2923 1139 2985 δια-

125 3015 231 3103 μέτρῳ
255 3020 374 3096 είδονς.

192 3125 275 3186 ε”στω
304 3122 369 3208 γάρ
393 3151 442 3203 τις
469 3129 536 3191 τῶν
564 3128 818 3214 προειρημένων
846 3132 972 3214 τομῶν,
1006 3121 1046 3215 ἧς
1076 3129 1141 3196 διοί-

125 3252 242 3313 μετρος
274 3223 294 3310 A
328 3236 408 3313 AB,
441 3232 496 3296 καὶ
528 3229 593 3299 ἀπὸ
626 3247 694 3300 τῶν
724 3245 770 3319 A,
797 3242 825 3301 Β
857 3233 1022 3320 ἤχθωσαν
1055 3237 1140 3322 παρὰ

200 3429 222 3478 1.
243 3422 309 3488 ΑΞ]
329 3438 381 3489 vc,
401 3440 470 3483 corr.
491 3442 524 3478 ex
543 3431 598 3479 ΑΓ
613 3445 649 3480 m.
671 3433 684 3479 1
705 3428 739 3483 V.
814 3434 854 3482 10.
874 3430 1012 3483 διπλασία
1029 3464 1061 3470 -
1079 3427 1139 3486 ἕκα-

125 3495 219 3564 τέρας]
241 3494 330 3548 dele0.
403 3498 446 3547 21.
466 3492 510 3566 έν]
530 3513 583 3550 om.
598 3496 636 3562 V;
657 3513 773 3568 comp.
