2446 3916
130 155 194 219 122
222 236 226 245 Ι
522 148 740 209 ΚΩΝῙΚΩΝ’
707 173 750 211 α.

113 339 117 347 -
191 303 275 366 ἔστω
297 300 343 390 τῷ
366 293 434 366 ὑπὸ
455 303 557 364 ΘΗΖ
576 303 653 363 ἴσον
670 321 709 364 το
728 291 793 363 ὑπὸ
815 301 902 382 HA,
922 301 966 363 K.
1001 294 1061 363 καὶ
1080 280 1174 365 ἐκεί

124 401 280 492 έστιν,“
257 432 303 484 ως
328 431 350 491 η
381 400 493 491 ὀρθία
512 400 598 490 πρὸς
618 399 680 488 τὴν
695 390 864 497 πλαγίαν,
892 399 930 469 τὸ
953 397 1023 475 ὑπὸ
1046 403 1148 491 ΘΗΖ

124 509 209 599 πρὸς
241 507 278 579 τὸ
310 507 376 589 ἆτὸ
405 515 491 595 HA,
523 513 568 602 τῷ
602 504 687 576 δὲ’
668 505 735 576 υττὸ
764 513 866 589 ΘΗΖ
898 515 1001 575 ίσον
996 506 1047 577 τὸ
1082 496 1147 577 ὑπὸ

125 623 209 699 HA,
228 622 277 703 K,
304 613 418 683 καὶ
387 641 425 684 το
452 612 519 685 ὑπὸ
544 579 630 700 HA,
650 612 732 681 K''
711 639 777 700 αρα
799 610 884 700 πρὸς
905 612 956 681 τὸ
967 606 1034 683 ἀπὸ
1059 621 1145 701 HA,

91 719 339 792 bvomdanv‘
321 749 341 810 η
361 728 395 790 Κ
416 706 500 808 πρὸς
518 728 605 807 ΑΗ,
628 717 763 788 ἔστιν
744 746 788 799 ως
811 716 832 806 η
855 717 960 806 ὀρθία
981 719 1069 805 πρὸς
1086 718 1146 808 τὴν

75 834 230 916 κλαγί
228 855 279 898 αν.
323 829 381 896 καὶ
409 825 524 896 έυεὶ“
507 856 528 914 η
552 834 628 895 ΑΗ
638 823 729 917 πρὸς
752 833 820 894 ΗΖ
842 822 903 895 τὸν
910 832 1146 914 συγκείμενον

126 939 192 1022 ἔχει
219 935 323 1022 λόγον
351 940 387 1003 ἔκ
414 960 450 1003 τε
477 938 539 1002 τοῦ
567 930 608 1002 ὃν
636 930 747 1021 ἔχει
729 960 751 1020 η
775 939 852 1001 ΑΗ
870 930 953 1022 πρὸς
974 940 1011 1002 Κ
1031 934 1089 1002 καὶ
1112 934 1146 1002 ἐκ

125 1045 187 1109 τοῦ
212 1037 253 1110 ὃν
270 1038 381 1130 ἔχει“
365 1069 386 1128 η
411 1048 446 1109 Κ
466 1064 551 1129 τερος
565 1047 645 1127 ΗΖ
674 1036 749 1111 ἀλλ’
772 1034 817 1120 ὡς
840 1036 941 1126 μεν“
924 1067 946 1126 η
969 1046 1042 1108 HA
1065 1038 1147 1128 πρὸς

127 1154 171 1233 Κ,
193 1144 214 1234 ἡ
238 1152 363 1235 πλαγία
385 1152 469 1236 πρὸς
491 1144 553 1235 τὴν
578 1144 714 1236 ὀρθίαν,
738 1144 782 1226 ὡς
805 1142 883 1215 δὲ’
866 1173 886 1234 η
907 1153 942 1214 Κ
960 1144 1045 1236 πρὸς
1064 1153 1145 1234 ΗΖ,

73 1272 119 1322 10
127 1250 147 1340 η
171 1260 244 1321 ΘΗ
266 1252 350 1344 πρὸς
373 1261 444 1323 HA
473 1252 584 1323 διὰ
550 1281 590 1323 το
615 1263 692 1322 ίσον
715 1251 858 1321 εἶναι
825 1281 863 1323 το
886 1251 951 1323 ὑπὸ
976 1261 1080 1322 ΘΗΖ
1103 1260 1145 1345 τῷ

108 1358 192 1429 -ὑττὸ
216 1367 302 1449 ΑΗ,
322 1357 415 1448 K,
398 1390 419 1448 η
443 1361 565 1428 ΑΗ”
544 1387 609 1450 αρα
636 1361 721 1446 πρὸς
744 1357 811 1427 ΗΖ
838 1357 898 1428 τὸν
927 1365 1146 1446 συγκείμενον

128 1471 195 1556 ἔχει
212 1467 318 1554 λόγου
336 1473 373 1536 έκ
390 1494 426 1537 τε
443 1471 504 1537 τοῦ
524 1462 565 1535 ὃν
584 1472 649 1554 ἔχει
664 1463 684 1553 ἡ
699 1467 824 1552 πλαγία
837 1465 922 1554 πρὸς
934 1464 995 1554 τὴν
1010 1454 1145 1554 Ιὀρθίαν,

36 1626 41 1634 .
126 1574 182 1642 καὶ
207 1578 243 1643 ἐκ
264 1566 326 1644 τοῦ
350 1571 391 1643 ὃν
414 1580 481 1662 ἔχει
503 1571 524 1661 ἡ
548 1580 617 1641 ΗΘ
638 1571 826 1663 ατρὸς-ΗΑ.

65 1820 69 1828 ,
606 1777 673 1836 μα.

21 1836 24 1843 ¹
76 1892 114 1975 15Ι
140 1836 143 1841 Ι
175 1872 273 1942 ΑἘὰυ
296 1876 333 1942 έν
356 1862 569 1964 ὑπερβοληῆ
595 1875 738 1955 ἐλλείψει
760 1871 781 1961 ἢ
805 1873 931 1942 κύκλου
953 1857 1148 1966 τεριφερεία

129 1976 247 2048 εὐθεῖα
279 1980 430 2069 καταχθῇ
458 1980 665 2067 τεταγμένως
693 1980 746 2046 ἐπὶ
774 1980 835 2066 την
864 1981 1059 2068 διάμετρον,
1093 1981 1146 2050 καὶ

57 2098 60 2103 ’
127 2083 195 2153 ’ἄντρ’
221 2111 256 2153 τε
284 2096 342 2172 τῆς
369 2088 570 2173 τεταγμένης
596 2086 652 2153 καὶ
666 2091 739 2172 ’τῆς
763 2088 798 2154 έκ
820 2091 882 2155 τοῦ
904 2088 1047 2172 κέντρου
1070 2087 1147 2156 ἆνα·

128 2180 243 2282 γραφῇ
281 2197 354 2279 είδη
391 2195 721 2280 παραλληλόγραμμα
754 2192 928 2282 ίσογώυια,
965 2198 1023 2282 ἔχη
1057 2194 1100 2262 δὲ·
1126 2191 1146 2280 ἡ

128 2300 322 2387 κατηγμένα
335 2296 461 2388 πλευρὰ
480 2297 564 2386 πρὸς
581 2303 643 2386 τὴν
662 2298 784 2387 λοιπὴν
797 2304 859 2368 τοῦ
873 2301 985 2380 εἴδους
998 2299 1148 2388 πλευρὰν

49 2423 111 2471 κο
130 2403 190 2474 τὸν
218 2412 437 2494 συγκείμενον
464 2407 568 2494 λόγον
597 2411 634 2475 ἔκ
660 2433 695 2474 τε
722 2411 783 2475 τοῦ
812 2403 852 2474 ὃν
881 2412 947 2494 ἔχει
973 2404 994 2494 ἡ
1024 2409 1060 2476 ἐκ
1088 2412 1147 2477 τοτ’

129 2514 271 2601 κέντρου
285 2514 382 2601 πρὸς,
398 2512 460 2601 τὴν
483 2513 605 2600 λοιττην
627 2517 688 2581 τοῦ
712 2517 825 2594 εἴδους
846 2513 1011 2602 πλευράν,
1024 2515 1090 2582 καὶ
1113 2517 1148 2583 ἐκ

128 2625 190 2688 τοῦ
222 2617 263 2689 ὃν
295 2619 413 2709 ἔχειὴ
446 2624 507 2689 τοῦ
536 2624 649 2700 είὸους
674 2623 733 2706 τῆς
760 2624 864 2707 τομῆς
891 2617 994 2707 ὀρθία
1021 2619 1167 2711 πλευρὰ.

129 2726 212 2812 πρὸς
238 2726 301 2814 τὴν
329 2733 489 2813 πλαγίαν,
522 2725 559 2795 τὸ
590 2723 652 2794 ἀπὸ
682 2730 741 2812 τῆς
769 2726 890 2812 μεταξὺ
917 2731 979 2794 τοῦ
1005 2729 1148 2814 κέντρου

128 2834 184 2903 καὶ
210 2838 270 2920 τῆς
296 2834 503 2920 κατηγμένης
531 2830 621 2912 εἶδος
647 2830 685 2901 τὸ
715 2830 833 2919 ὅμοιον
860 2836 907 2925 τῷ
935 2829 996 2902 αἰτεῖ
1030 2838 1090 2921 τῆς
1113 2837 1149 2902 ἐκ

73 2954 110 3004 κο
128 2942 191 3005 ’τοῦ
221 2939 363 3025 κέντρου
386 2943 468 3006 είὸει
492 2938 543 3006 ἐπὶ
567 2938 629 3025 μὲν
652 2942 711 3024 τῆς
732 2931 920 3026 ὑπερβολῆς
942 2939 1163 3026 μεῖζόνέστι-

26 3135 29 3142 Ι
67 3099 81 3142 .·
116 3048 190 3111 ’τοῦ
218 3041 284 3111 ἀπὸ
310 3055 370 3132 τῆς
396 3047 604 3132 κατηγμένης
631 3049 743 3123 είὸους
769 3048 816 3135 τῷ
843 3041 908 3113 οάτὸ
937 3049 995 3132 της
1022 3049 1058 3115 έκ
1087 3051 1148 3116 τοῦ

129 3150 271 3236 κέντρου
290 3178 304 3218 ε
307 3156 382 3238 ίδει,
402 3151 455 3219 ἐπὶ
475 3150 568 3219 δέ
530 3178 587 3237 της
606 3154 781 3232 ἐλλείψεως
800 3151 855 3218 καὶ
873 3179 933 3237 της
946 3179 1007 3220 του
992 3152 1148 3222 κύκλου

204 3298 226 3348 1.
248 3293 345 3365 ΘΗΖ]
366 3293 504 3362 ΘΖΗ7;
514 3309 592 3348 ..corr
607 3294 692 3362 p03(t
671 3313 711 3347 ων
732 3295 793 3348 ΘΗ
817 3294 893 3380 ΗΖ)
985 3300 1009 3349 7.
1031 3290 1147 3368 ἕκτου]

133 3361 163 3432 ἐξ
183 3358 274 3431 ovV3
282 3381 364 3507 ].corr
384 3364 495 3434 Halley.
588 3370 629 3418 13.
650 3361 751 3420 έκυ
701 3384 751 3418 του
739 3365 764 3436 ]
786 3333 867 3430 έξ
834 3384 868 3419 ου
888 3365 927 3430 V·
947 3381 1017 3420 corr.
1037 3366 1148 3453 Halley

358 3452 413 3491 om
423 3436 457 3504 V,
471 3453 507 3490 m.
519 3441 571 3490 2v.
627 3441 670 3492 21.
689 3432 801 3506 τήν]ρ,
821 3433 919 3491 om..V
938 3433 1147 3508 λοιπὴντήυο.
1188 3463 1193 3473 ·

75 3522 78 3528 ·
159 3507 198 3563 ἐκ
218 3508 280 3580 του]
229 3432 457 3580 μα’]’έέοὖ
404 3508 443 3576 V;
462 3523 531 3562 corr.
550 3507 659 3576 Halley.
