2438 3892
379 179 594 232 courcorcuu
611 181 720 231 amaa
737 182 760 234 1.
1032 178 1075 244 35

128 344 202 385 nam
223 323 251 386 si
269 322 341 386 fieri
358 326 476 406 potest,
500 324 552 407 sit,
576 326 609 387 et
625 323 760 407 planum
780 345 893 389 secans
913 345 986 388 cum
1005 325 1077 390 basi

60 430 241 511 concurrat,
265 429 509 513 communisque
534 429 705 512 planorum
724 430 824 494 sectio
845 431 888 494 sit
907 435 982 514 ZH,
1006 453 1075 495 cen-

60 538 146 596 trum
167 537 273 598 autem
293 534 407 599 circuli
426 537 492 599 ΒΓ
506 535 549 599 sit
568 539 605 618 Θ,
627 538 660 599 et
679 535 720 599 ab
739 556 777 600 eo
798 535 837 600 ad
859 540 930 600 ZH
943 558 1078 621 perpen-

236 694 272 749 Α
621 641 772 706 dicularis
792 642 928 707 ducatur
946 642 1026 725 ΘΗ,
1045 645 1079 707 et

156 791 159 796 -
620 769 678 830 per
692 751 731 810 H
731 751 760 812 Θ
774 769 929 832 axemque
944 749 1078 832 planum

621 854 771 936 ducatur,
800 855 885 938 quod
908 856 942 919 in
967 878 1077 940 supcr-
1130 877 1134 883 ·

620 961 691 1025 ficic
715 962 827 1026 conica
852 962 1012 1026 sectiones
1034 961 1078 1026 ef-

619 1068 709 1133 ficiat
718 1073 824 1133 rectas
835 1072 914 1149 BA,
924 1072 957 1131 A
963 1070 998 1131 Γ.
1011 1067 1077 1132 iam

621 1175 773 1258 quoniam
793 1179 914 1259 puncta
934 1180 976 1257 Λ,
991 1179 1028 1257 Ε,
1043 1179 1082 1238 Η

549 1341 577 1388 Z
621 1284 654 1344 ct
685 1281 719 1344 in
750 1281 848 1364 plano
881 1304 939 1365 per
972 1285 1079 1346 ΛΚΕ

621 1388 654 1449 et
676 1387 710 1450 in
734 1387 832 1470 plano
852 1410 909 1470 per
928 1394 972 1469 A,
991 1391 1081 1471 Β,Γ

519 1528 527 1546 1
623 1494 706 1574 sunt,
729 1497 849 1574 puncta
870 1497 912 1575 Λ,
930 1497 967 1577 Ε,
986 1497 1026 1556 H
1043 1495 1077 1557 in

622 1599 785 1662 communi
813 1599 986 1682 planorum
1014 1621 1078 1664 sec-

620 1704 709 1769 tione
733 1709 824 1790 sunt3
851 1726 950 1790 quare
969 1710 1078 1769 ΗΕΛ

58 1813 147 1872 recta
180 1814 230 1873 est
264 1809 371 1890 [Eucl.
399 1809 458 1894 XI,
493 1812 541 1891 3].
603 1815 749 1876 sumatur
786 1812 887 1896 igitur
923 1811 957 1875 in
990 1811 1077 1876 linea

61 1919 169 1979 AKE
194 1920 349 2001 punctum
373 1918 504 2002 aliquod
525 1921 571 2000 K,
600 1922 633 1982 et
657 1939 716 2004 per
734 1921 769 1981 K
789 1923 895 1983 rectae
916 1922 988 1982 ZH
1006 1941 1076 2003 par-

59 2021 157 2086 allela
175 2023 312 2087 ducatur
325 2026 359 2086 K
363 2027 394 2086 A
399 2051 407 2108 3
427 2024 489 2089 crit
507 2025 610 2109 igitur
629 2028 735 2108 [prop.
748 2022 828 2106 VII]
848 2029 930 2089 ΚΜ
937 2055 979 2079 =
994 2029 1076 2090 ΜΛ.

57 2131 167 2214 itaque
196 2134 266 2193 ΛΕ
291 2130 466 2195 diametrus
494 2135 544 2195 est
572 2131 684 2196 circuli
714 2137 747 2194 A
753 2135 785 2194 K
790 2135 856 2194 ΕΛ
885 2133 988 2215 [propi
1011 2130 1076 2195 VII

59 2236 193 2316 coroll.].
235 2235 300 2298 iam
324 2235 425 2319 igitur
447 2258 504 2319 per
528 2240 571 2299 M
591 2239 698 2301 rectae
718 2239 784 2300 ΒΓ
803 2238 960 2319 parallelo
983 2239 1076 2302 duca-

56 2348 111 2407 tur
139 2341 261 2414 ΝΜΞ.
311 2363 422 2405 uerum
456 2343 553 2407 etiam
583 2346 653 2406 KA
684 2350 791 2407 rectae
820 2347 892 2406 ΖΗ
919 2344 1077 2426 parallela

57 2451 122 2532 est3
146 2470 243 2533 quare
266 2448 401 2532 planum
424 2452 586 2513 rectarum
605 2453 642 2512 N
645 2448 681 2532 Ξ,
700 2453 782 2512 ΚΜ
796 2450 895 2531 plano
915 2454 1076 2513 rectarum

56 2556 128 2637 ΒΓ,
152 2559 223 2618 ΖΗ
242 2555 436 2639 parallelum
460 2561 519 2639 est,
542 2556 605 2621 hoc
629 2560 679 2620 est
701 2556 774 2619 basi
800 2553 905 2635 [Eucl.
928 2553 987 2637 XI,
1012 2556 1076 2639 15],

57 2667 90 2727 et
110 2663 210 2726 sectio
230 2663 369 2726 circulus
389 2663 450 2726 erit
469 2665 576 2745 [prop.
594 2661 666 2744 IVJ.
708 2662 751 2725 sit
769 2665 805 2726 N
809 2662 883 2734 ΚΞ.
924 2665 957 2725 et
976 2683 1075 2746 quon·

56 2770 122 2832 iam
150 2772 222 2832 ZH
245 2768 286 2832 ad
314 2770 387 2832 ΒΗ
408 2767 684 2851 perpendicularis
713 2771 774 2849 est,
803 2767 901 2830 ctiam
929 2771 1012 2831 ΚΜ
1034 2769 1074 2832 ad

57 2879 96 2939 N
97 2875 128 2948 Ξ
134 2873 409 2958 perpendicularis
420 2880 470 2937 est
482 2873 588 2953 [Eucl.
599 2872 656 2955 XI,
668 2873 736 2955 10];
753 2895 850 2957 quare
860 2877 941 2938 ΝΜ
949 2889 992 2942 ><
1004 2873 1076 2948 ΜΞ

58 3011 100 3033 --
121 2984 154 3044 Κ
161 2977 223 3044 ΜΞ.
273 3002 386 3043 uerum
415 2984 494 3044 AM
507 2995 550 3048 ><
566 2983 641 3044 ΜΕ
654 3010 696 3031 =
712 2978 817 3064 KM23
846 2982 1073 3065 supposuimus
1111 3014 1113 3018 ·

57 3086 158 3169 enim,
182 3087 302 3149 lineam
326 3091 469 3151 ΛΚΕΛ
492 3087 648 3152 circulum
673 3109 743 3151 esse
767 3093 800 3151 et
824 3091 893 3151 ΛΕ
914 3088 983 3151 eius
1006 3087 1073 3151 dia-

56 3197 206 3258 metrum.
256 3193 366 3275 itaque
393 3195 476 3256 ΝΜ
489 3208 532 3261 ><
553 3193 627 3266 ΜΞ
640 3224 680 3245 =
696 3198 778 3258 AM
788 3209 830 3261 ><
845 3197 927 3257 ME.
975 3215 1072 3276 quare

58 3303 157 3364 MN:
175 3302 253 3363 MA
268 3329 310 3349 =
325 3301 420 3361 EM:
436 3299 515 3370 ΜΞ.
549 3301 659 3384 itaque
677 3298 712 3367 Δ
728 3303 849 3362 ΛΜΝ
858 3318 903 3362 υ)
917 3297 953 3365 Δ
968 3297 1076 3368 &ME
1088 3324 1091 3328 “

55 3412 90 3471 et
104 3413 125 3481 L
141 3410 316 3470 ANM=
332 3410 353 3479 L
368 3403 481 3477 ΜΕΞ.
514 3411 685 3471 astantem
700 3408 909 3480 LANM=
925 3410 946 3478 L
962 3407 1072 3487 ΑΒΓ,

54 3536 132 3578 nam
170 3512 239 3586 ΝΞ
277 3516 383 3576 rectae
421 3515 488 3575 ΒΓ
523 3513 681 3595 parallela
717 3514 776 3575 est.
836 3532 935 3594 quare
973 3511 1072 3574 etiam

878 3614 917 3668 Β*
