2438 3892
124 167 167 232 92
331 131 337 145 ’
518 166 684 237 Κωατωρα
702 164 744 223 α’.

123 308 208 397 πρὸς
229 308 292 398 τῆν
317 311 450 400 ὀρθίαν,
474 306 557 379 ἀλλὰ
581 310 636 378 καὶ
660 306 705 390 ὡς
726 309 765 378 τὸ
789 307 854 379 ὑπὸ
873 318 981 380 ΑΗΒ
999 309 1085 400 πρὸς
1101 309 1139 380 τὸ

123 416 189 487 ἀπὸ
214 424 298 504 ΗΕ,
321 415 338 486 ί
365 425 488 506 πλαγία
510 417 594 508 πρὸς
616 419 679 504 τὴν
703 415 838 507 ὀρθίαν,
861 418 918 486 καὶ
942 416 987 498 ὡς
1010 419 1077 507 ι’ίρα
1099 417 1137 488 τὸ

122 522 182 595 ὑπί
217 533 318 594 ΒΖΑ
348 523 431 612 πρὸς
462 523 499 595 τὸ
532 523 597 594 ἀπὸ
626 533 707 611 ΖΔ,
741 522 851 604 οὕτως
873 524 911 593 τὸ
939 523 1005 594 ὑπὸ
1034 532 1140 595 ΑΗΒ

122 631 205 720 πρὸς
236 632 274 701 τὸ
307 629 372 701 ἀπὸ
400 639 478 700 ΗΕ.
528 632 584 700 καὶ
617 630 772 720 ἐναλλάξ,
806 630 850 712 ὡς
877 631 914 701 τὸ
943 629 1009 702 ὑπὸ
1040 641 1139 702 ΒΖΑ

88 737 207 827 σπρὸς
233 739 271 808 τὸ
298 735 365 807 ὑπὸ
388 745 509 824 ΑΗΒ,
539 735 645 818 οὕτως
667 737 704 807 τὸ
728 735 792 807 ἀπὸ
817 747 884 806 ΑΖ
906 738 989 826 πρὸς
1011 738 1050 808 τὸ
1073 737 1139 809 ἀπὸ

122 853 201 915 ΗΕ.
238 844 283 926 ὡς
306 845 344 914 δὲ
366 844 403 912 τὸ
428 842 494 912 ἀπὸ
519 853 585 912 ΛΖ
608 844 692 933 πρὸς
713 844 751 913 τὸ
776 842 840 915 ἀπὸ
862 853 947 931 ΗΕ,
972 844 1080 927 οὕτως
1102 846 1140 915 τὸ

124 951 189 1021 ἀπὸ
214 959 278 1021 ΖΓ
296 950 378 1038 πρὸς
400 950 438 1020 τὸ
464 949 529 1020 ἀπὸ
552 957 632 1019 PH·
679 952 818 1033 ἐναλλὰξ
842 954 918 1042 ἄρα,
943 950 988 1033 ὡς
1010 951 1048 1022 τὸ
1072 950 1139 1022 ὑπὸ

123 1066 223 1127 ΒΖΑ
244 1057 329 1147 πρὸς
350 1057 388 1127 τὸ
413 1056 478 1127 ἀπὸ
499 1065 574 1146 ΖΓ,
599 1057 706 1139 οὕτως
727 1060 765 1129 τὸ
789 1056 855 1129 ὑπὸ
874 1067 979 1128 ΑΗΒ
998 1058 1082 1146 πρὸς
1100 1059 1138 1129 τὸ

123 1163 188 1234 ἀπὸ
205 1171 280 1234 ΓΗ.
316 1167 371 1234 καὶ
392 1163 436 1246 ὡς
455 1167 523 1252 ἄρα
542 1168 595 1236 ἐπὶ
613 1167 675 1255 μὲν
693 1172 751 1254 τῆς
770 1169 946 1249 ἐλλείψεως
964 1168 1141 1253 συνθέντι,

72 1295 105 1344 10
124 1273 178 1342 ἐπὶ
206 1272 244 1341 δὲ
270 1276 338 1342 τῶν
362 1272 600 1362 ἀντικειμένων
624 1273 792 1342 ἀνάπαλιν
813 1274 869 1342 καὶ
893 1272 1141 1360 ἀναστρέψαντι

124 1377 162 1448 τὸ
186 1377 251 1449 απὸ
270 1387 340 1449 ΑΓ
357 1381 442 1470 πρὸς
466 1380 503 1451 τὸ
526 1379 591 1450 ἀπὸ
612 1387 687 1468 ΓΖ,
712 1380 818 1460 οὕτως
835 1379 872 1449 τὰ
894 1379 956 1449 ἀπὸ
976 1387 1043 1448 ΒΓ
1057 1378 1143 1469 πρὸς

122 1485 160 1557 τὸ
189 1485 254 1558 ἀπὸ
278 1495 359 1559 ΓΗ·
405 1491 461 1558 καί
489 1489 639 1571 ἐναλλάξ.
685 1497 761 1556 ίσον
790 1488 827 1557 δὲ
854 1499 899 1581 τῷ
924 1485 988 1556 ιἰπό
1014 1494 1083 1555 ΑΓ
1101 1483 1142 1554 τὸ

124 1592 189 1665 ἀπὸ
208 1602 284 1665 ΓΒ·
322 1605 397 1664 ἴσον
422 1593 486 1681 λρα
508 1594 564 1663 ναὶ
587 1597 633 1685 τῷ
657 1590 721 1662 ἀπὸ
741 1599 805 1661 ΖΓ
823 1592 860 1662 τὸ
885 1592 951 1662 ἀπὸ
970 1600 1046 1662 ΓΗ.
1085 1602 1141 1682 ίσῆ

124 1701 190 1791 ίίρα
213 1700 233 1789 ῆ
253 1710 318 1771 ΖΓ
336 1707 377 1791 τῆ
396 1709 473 1770 ΓΗ.
510 1706 569 1768 καί
589 1705 653 1768 είσι
675 1700 883 1789 παράλληλοι
903 1703 940 1767 αί
957 1709 1039 1787 ΛΖ,
1058 1709 1141 1769 ΗΕ·

73 1829 105 1878 15
126 1817 180 1895 ίση
205 1807 270 1892 ἄρα
293 1810 348 1876 καὶ
372 1805 392 1894 ῆ
418 1813 489 1875 ΑΓ
506 1811 546 1896 τῆ
570 1813 640 1875 ΓΕ.

599 1983 663 2051 λα’.

189 2107 269 2176 Ἐαν
288 2106 476 2197 ὑπερβολῆς
495 2110 604 2177 ἐπὶ
565 2136 623 2195 της
641 2114 781 2194 πλαγίας
795 2112 939 2196 πλευρᾶς
952 2136 1013 2177 του
998 2114 1144 2190 είδονς

124 2219 243 2305 λῆφθῆ
266 2243 298 2284 τι
322 2230 460 2303 σημεῖον
484 2217 530 2302 μῆ
553 2215 714 2284 ἐλοίττονα
737 2214 979 2303 απολαμβοίνον
998 2216 1082 2305 πρὸς
1100 2220 1141 2306 τῆ

125 2326 259 2413 κορυφῇ
278 2327 335 2410 τῆς
352 2327 455 2411 τομῆς
473 2318 531 2409 Ιτῆς
550 2320 756 2409 ἡμισείας
717 2350 775 2409 τῆς
793 2329 935 2409 πλαγίας
952 2327 1013 2390 τοῦ
1028 2350 1043 2390 ε
1046 2327 1142 2403 ίὸονς

73 2453 107 2502 2ο
125 2435 286 2518 πλενρᾶς,
318 2426 423 2498 καὶ’
406 2428 460 2497 απ’
487 2427 593 2497 αὐτοῦ
625 2432 795 2519 προσπέσῃ
824 2427 941 2497 εὐθεῖα
968 2428 1051 2515 πρὸς
1078 2429 1141 2517 τῆν

123 2537 242 2625 τομῆν,
265 2543 553 2626 προσεκβληθείσα
578 2536 672 2617 ε”ντὸς
694 2551 839 2605 πεσεῖται
861 2540 918 2623 τῆς
936 2541 1038 2623 τομῆς
1056 2537 1140 2604 κατὰ

124 2643 164 2711 τὰ
188 2644 332 2732 ἑπόμενα
355 2646 437 2734 με’ρη
461 2648 519 2731 τῆς
540 2648 652 2730 τομῆς.

192 2757 275 2819 ἔστω
298 2749 478 2840 ὑπερβολή,
502 2743 543 2837 ῆς
566 2751 740 2838 διάμετρος
762 2747 783 2838 ῆ
803 2757 884 2835 ΑΒ,
907 2751 962 2818 καὶ
986 2749 1142 2838 εἰλήφθω

126 2854 176 2922 ἐπ’
202 2856 305 2944 αὐτῆς
333 2871 471 2944 σημεῖον
501 2855 542 2924 ὅν
570 2883 601 2924 τι
628 2854 666 2925 τὸ
690 2862 722 2924 Γ
740 2854 779 2944 μί
809 2855 969 2924 ἐλάττονα
993 2855 1141 2943 ἀπολαμ-

73 2986 107 3035 25
126 2961 234 3047 βαίνον
252 2960 314 3049 τῆν
332 2970 393 3031 ΓΒ
413 2968 470 3050 τῆς
488 2963 639 3049 ῆμισείας
657 2967 715 3051 τῆς
733 2970 812 3048 ΑΒ,
836 2964 891 3029 καὶ
910 2965 1141 3050 προσπιπτέτω

125 3095 176 3148 τις
203 3066 320 3137 εὐθεῖα
349 3067 432 3154 πρὸς
454 3069 517 3156 τῆν
540 3068 646 3157 τομῆν
669 3069 689 3156 ῆ
714 3075 746 3136 Γ
747 3077 789 3137 Δ.
835 3070 931 3155 λέγω,
955 3068 1006 3138 ὅτι
1029 3070 1049 3156 ἡ
1074 3075 1141 3136 ΓΑ

126 3161 393 3262 εἰιβαλλομένη’
376 3173 469 3255 εντὸς
491 3189 635 3244 πεσεῖται
658 3179 716 3262 τῆς
738 3179 849 3262 τομῆς.

140 3288 293 3296 4—--—--.
295 3289 338 3294 .—

201 3325 242 3373 11.
262 3313 540 3389 26](pr.)05⁶26v;
556 3334 670 3405 corr..p
725 3317 942 3373 AnteAPdel.
964 3318 1053 3375 llitt.
1073 3337 1108 3374 m.
1126 3326 1138 3373 1

127 3390 165 3443 V·
158 3393 302 3459 ,.AFcp
360 3392 464 3444 FZ-
487 3394 526 3442 12.
547 3385 605 3443 ἀπό
625 3392 705 3462 (pr)]
725 3389 821 3457 b1sV
841 3406 909 3445 corr.
925 3409 973 3461 vp.
1031 3397 1071 3444 12.
1091 3392 1141 3445 καὶ

128 3433 260 3533 ἐναλλάξ]
280 3478 333 3516 om.
353 3480 380 3530 p,
400 3460 454 3515 del.
474 3459 583 3547 Halley.
638 3467 679 3515 16.
697 3457 801 3532 λα’,]ρ
822 3478 875 3516 om.
886 3461 919 3529 V,
939 3480 975 3516 m
986 3467 1044 3517 2v.
1096 3469 1138 3516 21.

126 3534 387 3611 προσεκβληθεῖσα]
408 3529 521 3602 scripsi,
539 3527 556 3600 ἡ
577 3534 788 3605 προσβληθειοα
807 3532 840 3587 V
