2438 3892
142 177 187 241 14
543 178 710 230 mmm
728 174 769 231 α’.

207 321 276 388 ἐπεὶ
303 319 369 407 γὰρ
400 317 421 406 ἡ
449 317 517 387 άπδ
544 328 607 386 τοῦ
633 330 666 386 Α
694 320 747 386 έπλ
774 319 812 385 τὸ
840 325 869 384 Β
897 322 1163 408 ἐπιζευγνυμένη

139 425 237 513 κοινή
259 426 346 514 τομή
370 430 440 495 ἐστι
462 430 525 494 τοῦ
547 427 728 512 τέμνοντος
751 426 909 492 ἐπιπέδου
935 425 992 490 καλ
1014 429 1077 512 τῆς
1100 440 1165 498 τοῦ

139 533 255 603 κοίνου
281 537 492 621 ἐπιφανείας,
520 531 638 600 εύθεῖα
666 530 732 618 ἄρα
760 532 851 599 ἐστλν
877 529 899 617 ἡ
923 539 1002 598 AB·
1033 530 1164 620 ὁμοίως

139 641 178 709 δὲ
200 643 257 708 καὶ
279 639 301 727 ἡ
325 647 399 708 ΑΓ.
446 645 516 707 έστι
543 639 581 706 δέ
608 639 664 705 καὶ
688 637 709 724 ἡ
734 645 800 705 ΒΓ
819 637 943 705 εὐθεῖα.
988 645 1163 725 τρίγωνον

104 746 206 835 οάρα
229 748 299 816 ἐστὶ
321 747 359 816 τὸ
386 753 494 815 ΑΒΓ.

206 852 266 922 ἐάν
284 852 351 940 ἄρα
374 858 484 932 κῶνος
506 854 650 943 ἐπιπέδῳ
673 853 742 918 τινλ
766 855 879 939 τμηθῇ
902 850 959 918 διά
981 845 1049 938 τῆς
1060 880 1163 942 κορυ-

140 965 217 1048 φής,
240 957 260 1046 ή
280 958 364 1046 τομή
388 958 556 1047 τρίγωνόν
580 943 679 1027 ἐστιν.

624 1170 669 1238 δ’.

203 1293 283 1363 Ἐάν
312 1293 520 1384 δποτεραοῦν
548 1300 615 1364 τῶν
648 1295 730 1363 κατὰ
762 1294 917 1381 κορυφήν
950 1298 1159 1383 ἐπιφανειῶν

86 1423 119 1473 10
139 1404 282 1496 ἐπιπέδῳ
309 1403 377 1471 τινλ
404 1406 517 1490 τμήθή
545 1401 747 1492 παραλλήλῳ
774 1411 821 1492 τῷ
844 1400 971 1491 κύκλῳ,
1004 1401 1088 1470 καθ’
1116 1397 1158 1473 οὗ

138 1512 274 1597 φέρεται
292 1507 313 1597 ή
333 1507 514 1598 γράφουσα
531 1506 593 1594 τήν
613 1507 812 1594 ἐπιφάνειαν
831 1509 959 1593 εὐθεῖα,
982 1508 1021 1576 τὸ
1038 1511 1159 1579 έναπο-

75 1652 81 1662 ·
137 1615 397 1702 λαμβανόμενον
421 1617 578 1682 ἐπίπεδον
601 1613 723 1701 μεταξύ
742 1625 801 1701 τῆς
820 1617 1014 1701 ἐπιφανείας
1031 1617 1157 1697 κύκλος
1203 1609 1208 1619 ’

138 1727 229 1789 ἔσται
257 1720 295 1788 τὸ
323 1722 464 1806 κέντρον
488 1724 573 1806 ἔχων
601 1720 653 1787 ἐπὶ
681 1723 743 1788 τού
766 1717 902 1806 άξονος,
934 1719 972 1788 τὸ
1000 1720 1038 1788 δὲ
1065 1747 1159 1812 περι-

137 1826 299 1913 εχόμενον
310 1830 419 1912 σχήμα
434 1823 500 1892 ὑπό
514 1850 549 1892 τε
563 1829 624 1893 τού
637 1824 765 1893 κύκλου
777 1828 833 1893 καλ
847 1831 905 1912 τής
919 1824 1159 1915 ἀπολαμβανο-

86 1955 118 2002 15
138 1933 240 2018 μένης
257 1928 323 1999 ύπδ
343 1935 404 1998 τού
423 1933 603 2018 τέμνοντος
623 1931 781 1998 ἐπιπέδου
799 1936 943 2017 κωνικής
959 1934 1158 2019 ἐπιφανείας

137 2036 221 2125 πρὸς
244 2041 282 2126 τῇ
306 2049 439 2126 κορυφῇ
463 2048 571 2117 κῶνος
594 2043 693 2106 ἔσται.

205 2148 287 2211 ἔστω
311 2143 437 2231 κωνική
461 2142 654 2229 ἐπιφάνεια,
678 2133 718 2229 ἧς
739 2142 872 2230 κορυφὴ
895 2145 957 2232 μὲν
979 2144 1018 2213 τὸ
1042 2156 1076 2212 A
1100 2169 1158 2234 σή-

137 2264 243 2337 μείον,
268 2247 285 2318 ὁ
307 2249 345 2318 δὲ
363 2249 494 2335 κύκλος,
517 2247 594 2317 καθ’
617 2240 659 2317 ού
678 2251 813 2337 φέρεται
832 2248 852 2337 ή
872 2251 1157 2345 τήνέπιφάνειαν

136 2355 314 2445 γράφουσα
338 2353 470 2441 εὐθεῖα,
496 2353 513 2424 ὁ
540 2362 615 2436 ΒΓ,
643 2357 699 2423 καλ
722 2358 897 2443 τετμήσθω
921 2361 1065 2449 ἐπιπέδῳ
1090 2364 1158 2430 τινλ

81 2486 116 2536 20
134 2463 335 2555 παραλλήλῳ
354 2466 400 2555 τῷ
415 2469 482 2530 ΒΓ
495 2461 617 2554 κύκλῳ,
635 2464 691 2530 καὶ
710 2468 844 2532 ποιείτω
865 2466 902 2531 έν
919 2475 958 2554 τῇ
975 2468 1157 2559 ἐπιφανείᾳ

135 2570 241 2657 τομήν
269 2569 330 2658 τήν
355 2579 425 2638 ΛΕ
450 2569 617 2655 γραμμήν.
662 2571 763 2655 λέγω,
793 2568 844 2637 ὅτι
871 2569 892 2656 ἡ
917 2579 989 2638 ΛΕ
1014 2575 1154 2663 γραμμὴ

134 2675 255 2756 κύκλος
278 2678 368 2745 ἐστὶν
392 2679 444 2745 ἐπὶ
468 2679 528 2744 τοῦ
553 2674 672 2756 άξονος
696 2681 781 2762 ἔχων
804 2674 841 2744 τὸ
865 2679 1014 2763 κέντρον.

201 2781 354 2868 εἰλήφθω
383 2783 447 2869 γάρ
476 2782 514 2850 τὸ
542 2783 683 2867 κέντρον
710 2786 771 2850 τοῦ
798 2789 867 2851 ΒΓ
893 2783 1020 2851 κύκλου
1047 2784 1088 2852 τὸ
1115 2795 1155 2874 Ζ,

133 2889 189 2954 καλ
213 2887 399 2975 ἐπεζεύχθω
423 2885 444 2974 ἡ
469 2895 542 2955 ΑΖ.
589 2886 679 2970 άξων
703 2886 770 2976 άρα
794 2890 861 2957 ἐστὶ
888 2891 944 2956 καλ
968 2890 1157 2975 συμβάλλει

81 3015 114 3065 κο
134 2998 179 3087 τῷ
208 2996 363 3081 τέμνοντι
391 2996 543 3086 ἐπιπέδῳ.
594 2996 808 3081 συμβαλλέτω
836 2993 919 3062 κατά
947 2994 984 3063 τὸ
1012 3005 1062 3082 Η,
1097 3001 1155 3067 καλ

135 3101 349 3188 ἐκβεβλήσθω
380 3127 411 3167 τι
441 3100 497 3168 διά
525 3111 583 3189 τῆς
611 3109 676 3168 ΑΖ
708 3103 874 3169 ἐπίπεδον.
930 3107 1021 3168 ἔσται
1054 3104 1099 3191 δὴ
1134 3104 1156 3193 ἡ

133 3206 216 3295 τομή
238 3212 405 3295 τρίγωνον
423 3209 460 3275 τὸ
481 3213 589 3276 ΑΒΓ.
625 3208 681 3274 καλ
701 3209 770 3274 ἐπεὶ
789 3207 829 3274 τά
849 3216 892 3291 Δ,
911 3212 958 3291 Η,
978 3216 1009 3274 Ε
1030 3227 1155 3297 σημεῖα

136 3315 172 3382 έν
195 3324 240 3407 τῳ
264 3315 424 3400 τέμνοντί
444 3315 534 3382 ἐστιν
557 3314 712 3405 ἐπιπέδῳ,
737 3319 805 3381 ἔστι
829 3312 941 3381 δὲκαὶ
965 3317 1002 3382 έν
1025 3319 1071 3405 τῷ
1092 3324 1155 3387 τοῦ

133 3462 250 3471 ——.-—-
286 3462 320 3468 ..-

206 3531 229 3580 7.
250 3521 337 3598 ἔστιν]
359 3522 418 3581 έοιῖ
436 3548 482 3581 :—
502 3526 535 3580 V.
