2438 3892
544 137 712 192 ΚΩΝΙΚΩΝ
730 133 771 192 α’.

629 313 688 396 κζ’.

215 438 293 509 Ἐὰν
312 442 503 531 παραβολῆς
520 439 582 526 τὴν
598 438 778 528 διάμετρον
792 434 909 506 εὐθεῖα
923 439 1036 528 τέμνη,
1053 441 1166 526 ἐκβαλ-

150 549 274 635 λομένη
300 546 352 634 ἐφ’
380 547 517 633 ἑκάτερα
541 559 754 632 συμπεσεῖται
777 548 816 635 τῇ
840 547 934 633 τομῇ.

218 659 299 724 ἔστω
327 652 517 741 παραβολῇ,
546 644 585 740 ῇς
609 651 785 738 διάμετρος
807 648 828 737 ῇ
852 658 936 737 AB,
963 651 1020 719 καὶ
1042 653 1165 739 ταύτην

115 761 294 846 εὅτεμνέτω
326 786 376 840 τις
408 757 525 827 εὐθεῖα
557 756 650 838 ἐντὸς
681 762 740 845 τῇς
766 761 870 845 τομῆς
895 755 917 845 ῇ
945 763 1020 826 ΓΔ.
1071 760 1166 847 λέγω,

152 867 204 936 ὅτι
222 864 242 953 ῇ
258 873 325 934 ΓΔ
343 865 566 952 ἐκβαλλομένη
582 862 635 951 ἐφ’
652 864 788 953 ἑκάτερα
802 865 842 932 τὰ
856 865 939 951 μέρη
954 878 1167 951 συμπεσεῖται

151 977 191 1061 τῇ
215 976 311 1060 τομῇ.

217 1077 313 1167 ῇχθω
336 1077 401 1164 γάρ
423 1104 473 1158 τις
495 1074 560 1146 ἀπὸ
585 1082 645 1146 τοῦ
666 1087 698 1146 Α
719 1080 808 1167 παρὰ
828 1078 1035 1164 τεταγμένως
1051 1104 1166 1165 κατηγ-

151 1184 257 1271 μένην
284 1182 305 1272 ῇ
328 1192 407 1253 ΑΕ·
453 1182 473 1271 ἡ
498 1193 567 1253 ΑΕ
592 1186 657 1272 ἄρα
688 1186 780 1265 έκτὸς
803 1198 949 1252 πεσεῖται
971 1181 1167 1272 τῇςτομῇς.

98 1297 131 1348 10
221 1293 296 1379 ῇτοι
319 1294 360 1379 δῇ
386 1289 406 1379 ῇ
430 1298 496 1361 ΓΛ
519 1296 558 1381 τῇ
582 1285 650 1361 AE
670 1291 880 1380 παράλληλός
903 1294 993 1358 ἐστιν
1017 1286 1037 1377 ῇ
1062 1290 1113 1359 οὔ.

218 1403 249 1468 εἰ
280 1398 341 1488 μὲν
374 1392 438 1468 οὖν
469 1398 683 1486 παράλληλός
711 1402 801 1467 ἐστιν
829 1395 930 1487 αὐτῇ,
962 1400 1168 1485 τεταγμένως

151 1512 324 1594 κατῇκται,
352 1504 435 1575 ὥστε
464 1507 689 1593 ἐκβαλλομένη
716 1503 769 1591 ἐφ’
792 1504 929 1593 ἑκάτερα
953 1519 1167 1590 συμπεσεῖται

150 1619 191 1703 τῇ
214 1619 308 1702 τομῇ.
662 1681 664 1685 ,

218 1721 262 1807 μὴ
288 1725 370 1788 ἔστω
394 1720 435 1804 δὴ
455 1719 665 1807 παράλληλος
682 1723 722 1807 τῇ
743 1724 823 1805 ΑΕ,
847 1715 920 1785 ἄλλ’
942 1720 1167 1805 ἐκβαλλομένη

98 1830 132 1879 1⁶
153 1825 361 1911 συμπιπτέτω
384 1829 424 1914 τῇ
442 1833 511 1892 ΑΕ
531 1823 614 1894 κατὰ
636 1826 674 1893 τὸ
696 1833 734 1895 Ε.
776 1822 828 1892 ὅτι
850 1825 912 1912 μὲν
935 1818 998 1893 οὖν
1016 1829 1057 1914 τῇ
1081 1830 1167 1915 τομῇ

154 1936 330 2017 συμπίπτει
354 1932 407 1998 ἐπὶ
429 1930 583 2018 τὰμέρη,
607 1928 661 2018 ἐφ’
682 1929 703 1998 ἅ
723 1933 792 2000 ἐστι
809 1932 847 2000 τὸ
868 1939 908 2017 Ε,
932 1930 1097 2019 φανερόν·
1140 1939 1170 2002 εἰ

152 2037 218 2125 γὰρ
233 2047 273 2126 τῇ
282 2045 315 2103 A
320 2045 351 2105 E
363 2037 557 2124 συμβάλλει,
571 2039 658 2106 πολὺ
672 2038 838 2126 πρότερον
851 2039 961 2125 τέμνει
975 2039 1039 2124 τὴν
1052 2039 1169 2128 τομήν.

219 2144 321 2231 λέγω,
359 2142 410 2212 ὅτι
446 2145 502 2211 καὶ
539 2145 592 2212 ἐπὶ
627 2146 667 2212 τὰ
701 2146 795 2231 ἕτερα
828 2145 909 2233 μέρη
943 2147 1168 2233 ἐκβαλλομένη

154 2257 331 2338 συμπίπτει
364 2255 403 2339 τῇ
436 2263 530 2339 τομῇ.
580 2257 664 2319 έστω
692 2253 756 2340 γὰρ
784 2250 861 2340 παρ’
888 2248 930 2337 ἣν
958 2251 1122 2321 δύνανται
1148 2251 1168 2340 ῇ

100 2363 134 2411 20
154 2366 230 2427 MA
261 2360 317 2427 καὶ
348 2361 554 2445 τεταγμένως
585 2355 606 2445 ῇ
634 2365 716 2444 ΗΖ,
748 2359 804 2426 καὶ
832 2359 870 2426 τὸ
899 2356 964 2427 ἀπὸ
993 2367 1065 2425 ΑΛ
1093 2369 1169 2428 ἴσον

153 2471 235 2535 έστω
258 2470 303 2557 τῷ
327 2462 392 2534 ὑπὸ
417 2471 532 2550 ΒΑΖ,
555 2465 610 2532 καὶ
638 2466 933 2552 παρατεταγμένως
956 2462 976 2552 ῇ
997 2472 1067 2534 ΒΚ
1088 2488 1167 2554 συμ-

152 2575 295 2642 πιπτέτω
323 2577 364 2661 τῇ
390 2578 459 2641 ΔΓ
482 2573 564 2639 κατὰ
593 2573 631 2639 τὸ
657 2577 692 2639 Γ.
739 2571 808 2639 ἐπεὶ
836 2580 911 2638 ἴσον
940 2572 1009 2639 ἐστὶ
1035 2574 1074 2641 τὸ
1103 2573 1169 2642 ὑπὸ

154 2686 251 2746 ΖΑΒ
273 2684 319 2770 τῇ
342 2676 408 2747 ιἰπὸ
429 2689 514 2766 ΑΛ,
538 2684 628 2746 ἔστιν
653 2675 824 2764 ὡςῇΑΒ
848 2679 933 2767 πρὸς
952 2688 1035 2766 ΑΔ,
1059 2677 1079 2766 ῇ
1099 2690 1170 2749 AA

152 2809 236 2871 προς
269 2793 341 2852 AZ·
391 2787 447 2853 καὶ
481 2786 579 2872 λοιπὴ
610 2784 674 2872 ἄρα
701 2781 722 2872 ῇ
751 2792 820 2852 ΒΛ
847 2786 930 2870 πρὸς
957 2786 1079 2872 λοιπὴν
1107 2788 1170 2874 τὴν

101 2893 135 2942 25
154 2899 221 2957 ΛΖ
244 2895 349 2978 ἐστιν,
374 2889 418 2971 ὡς
441 2890 461 2978 ῇ
485 2899 552 2959 BA
573 2893 656 2978 πρὸς
680 2898 759 2959 AA.
804 2892 860 2958 καὶ
884 2890 929 2972 ὡς
951 2889 1016 2980 ἅμα
1038 2894 1076 2960 τὸ
1102 2890 1167 2962 ἀπὸ

130 3003 222 3066 ,ΒΛ
249 2999 333 3083 πρὸς
358 2999 396 3067 τὸ
426 2996 491 3065 ἄπο
522 3007 603 3083 ΖΔ,
633 2996 738 3077 οὕτως
765 2998 802 3065 τὸ
832 2996 896 3065 ἀπὸ
927 3005 992 3066 BA
1019 3001 1104 3084 πρὸς
1131 3002 1168 3068 τὸ

155 3099 219 3170 ἄπο
243 3111 321 3171 ΑΔ.
363 3106 476 3190 ἐπειδὴ
502 3104 539 3172 δὲ
558 3113 633 3173 ἴσον
655 3105 693 3173 τὸ
718 3101 782 3172 ἀπὸ
808 3113 878 3171 ΑΔ
905 3110 950 3196 τῇ
973 3103 1038 3173 ὑπὸ
1058 3114 1167 3194 ΒΑΖ,

230 3356 253 3406 1.
273 3346 330 3420 κζ’]
344 3370 372 3422 p,
392 3368 446 3407 om.
457 3351 491 3420 V,
507 3357 607 3407 ηαλμ.
662 3359 705 3408 21.
725 3353 815 3425 BAZ]
834 3358 909 3409 BZA
930 3355 967 3419 V;
987 3371 1084 3426 comp
1100 3359 1167 3426 (τῶν

155 3426 214 3499 BA,
224 3425 292 3491 ΑΖ).
329 3423 399 3494 ΒΚ]
410 3420 509 3491 scripsi
520 3440 583 3477 cum
592 3423 698 3491 Mem03
712 3428 767 3480 ΓΚ
775 3426 815 3492 V3
830 3430 922 3496 BPp3
936 3429 985 3479 ΓΒ
996 3426 1108 3496 Halley,
1119 3427 1167 3481 sed

97 3486 186 3590 Ηῇι
199 3493 249 3595 :fig
269 3498 296 3548 K
312 3494 399 3549 habet
419 3511 480 3549 cum
499 3492 533 3550 V.
587 3501 629 3551 23.
649 3492 698 3550 διὰ
718 3493 755 3561 ιζ’
774 3498 825 3551 τοῦ
845 3495 873 3555 ς’
889 3516 973 3566 οτοιχ.
988 3505 1118 3567 mg.m.1
1134 3498 1165 3553 V.
