2438 3892
124 133 190 197 286
523 132 690 188 Καωωοω
710 131 749 204 ρ’.

20 285 23 291 ’
125 279 228 359 ἔσται,
257 270 303 352 ὡς
330 270 349 359 ῆ
381 279 442 340 ΓΔ
469 272 552 359 πρὸς
574 281 656 359 AB,
685 271 792 354 οὕτως
819 270 840 361 ῆ
866 280 939 342 ΓΗ
962 274 1045 364 πρὸς
1065 285 1129 346 ΗΒ.

126 385 186 448 καί
198 382 277 448 έστι
300 377 402 465 λόγος
424 382 482 465 τῆς
505 385 568 447 ΓΛ
590 381 675 465 πρὸς
698 388 764 448 ΔΒ
788 383 919 460 δοθείς·
958 381 1056 469 λόγος
1077 382 1129 471 ἄρα

124 487 182 554 καὶ
201 491 259 573 τῆς
278 493 350 555 ΓΗ
364 485 447 574 πρὸς
464 492 533 553 ΗΒ
553 489 677 567 θοθείς.
716 487 823 556 δοθέν
842 485 909 575 ἄρα
927 486 966 556 τὸ
981 496 1039 579 Η..
1061 488 1130 558 ἀλλὰ

125 594 180 661 καὶ
203 591 241 662 τὸ
266 600 312 659 A·
358 593 452 660 θέσει
476 590 544 679 ἄρα
566 595 655 660 ἐστὶν
679 591 700 681 ῆ
724 578 805 661 ΑΗ.

92 718 108 766 5
197 696 439 784 σνντεθῆσεται
471 697 513 784 ὃῆ
543 697 662 779 οὕτως·
712 701 808 787 ῆχθω
836 698 984 783 κάθετος
1012 699 1033 790 ῆ
1060 712 1130 788 AA,

125 806 180 874 καὶ
209 809 255 898 τῷ
284 808 342 891 τῆς
366 810 427 871 ΓΛ
455 804 537 890 πρὸς
562 813 629 873 AB
653 805 742 897 λόγφ
768 804 785 875 ὁ
812 805 913 888 αὐτὸς
938 813 1023 877 ἔστω
1047 807 1132 895 ὁτῆς

125 917 197 979 ΓΗ
214 909 298 996 πρὸς
315 912 399 995 ΗΒ,
422 910 478 977 καὶ

126 1015 311 1103 ἐπεζεύχθω
344 1015 365 1102 ῆ
397 1023 478 1084 ΑΗ.
740 951 868 1160 (lii

125 1125 276 1209 φανερὸν
318 1122 380 1209 δή,
427 1121 477 1192 ότι
542 1092 769 1220 A
848 1171 914 1219 k

75 1226 146 1314 1οῆ
178 1235 257 1296 ΑΗ
289 1230 477 1316 ἐφάπτεται,
511 1231 550 1282 H
715 1233 746 1281 B
940 1224 1095 1323 Ἴ

126 1336 236 1422 ὥσπερ
264 1336 319 1403 καὶ
344 1336 395 1403 ἐπὶ
419 1340 477 1422 τῆς
759 1225 1080 1450 v
1125 1346 1132 1367 ⁸

125 1439 321 1528 ὑπερβολῆς.
381 1522 384 1529 Ι

193 1553 276 1616 έστω
302 1548 343 1635 ὃῆ
367 1549 470 1616 πόλιν
492 1548 530 1619 τὸ
556 1549 661 1617 δοθὲν
686 1563 824 1637 σημεῖον
847 1548 886 1617 τὸ
911 1556 958 1635 Κ,
987 1550 1043 1618 καὶ
1066 1551 1135 1618 δέον

127 1660 209 1723 ἔστω
242 1656 381 1742 ἀγαγεῖν
414 1657 656 1743 ἐφαπτομένην.
706 1656 886 1743 γεγονέτω,
920 1656 978 1724 ναὶ
1013 1661 1093 1725 ἔστω
1118 1652 1135 1742 ῆ

74 1779 107 1828 15
126 1768 210 1846 KA,
235 1762 290 1828 καί
315 1765 543 1849 ἐπιζευχθεῖσα
566 1760 586 1850 ῆ
611 1770 715 1831 ΚΛΘ
738 1763 791 1831 ἐπὶ
813 1761 852 1830 τὸ
875 1770 904 1830 Θ
928 1764 1071 1851 κέντρον
1093 1764 1136 1830 ἐν

125 1866 304 1954 βεβλῆσθω
329 1869 382 1935 ἐπὶ
404 1869 443 1937 τὸ
466 1877 513 1936 N·
561 1876 652 1937 ἔσται
678 1868 720 1957 δῆ
743 1871 847 1938 θέσει.
889 1869 945 1937 καὶ
971 1867 1031 1938 ἐὰν
1055 1867 1136 1957 ιἰχθῆ

125 1970 145 2057 ῆ
170 1980 250 2039 AM
267 1975 483 2061 τεταγμένως,
508 1980 599 2044 ἔσται
623 1974 668 2057 ὡς
690 1973 711 2062 ῆ
730 1982 805 2044 ΝΚ
825 1976 910 2063 πρὸς
928 1982 1014 2061 ΚΛ,
1039 1973 1137 2054 οὕτως

124 2076 145 2166 ῆ
178 2086 262 2145 ΝΜ
293 2079 377 2167 πρὸς
410 2088 494 2149 ΜΛ.
549 2081 650 2169 λόγος
687 2083 724 2151 δὲ
761 2093 819 2169 τῆς
851 2088 928 2149 ΚΝ
961 2081 1047 2170 πρὸς
1075 2086 1135 2149 KA

126 2188 253 2264 ὃοθείς·
304 2185 404 2272 λόγος
432 2186 497 2277 ἄρα
524 2190 579 2256 ναὶ
608 2193 666 2275 τῆς
695 2197 778 2257 ΜΝ
801 2187 884 2275 πρὸς
914 2195 997 2255 ΛΜ
1020 2190 1134 2266 θοθείς.

22 2311 27 2317 ’
73 2312 107 2360 20
127 2291 233 2360 δοθὲν
266 2291 331 2380 ἄρα
363 2292 401 2361 τὸ
430 2300 478 2362 Μ.
528 2296 583 2363 ναὶ
615 2297 758 2382 ἀνῆκται
786 2293 807 2383 ῆ
836 2303 927 2362 MA·
978 2294 1133 2382 παράλλη-

124 2407 182 2480 λος
209 2400 274 2489 γάρ
303 2403 370 2469 ἐστι
397 2407 436 2491 τῆ
460 2401 604 2471 κατὰτὸ
630 2410 660 2470 A
684 2405 911 2490 ἐφαπτομένη·
959 2403 1055 2469 θέσει
1078 2399 1132 2482 ἄρα

125 2505 259 2594 ῆΜΑ.
311 2508 416 2576 δοθέν
445 2506 510 2595 ἄρα
537 2534 575 2575 το
606 2516 646 2575 Α.
693 2506 777 2575 ιἰλλὰ
805 2507 860 2575 καὶ
888 2505 927 2575 τό
958 2515 1004 2574 Κ·
1050 2509 1131 2575 θέσει

126 2612 191 2701 ἅμα
216 2613 236 2700 ῆ
261 2622 338 2682 KA.

192 2718 213 2805 ῆ
238 2721 275 2788 δὲ
299 2721 458 2800 σύνθεσις
481 2718 501 2806 ῆ
526 2719 609 2806 αὐτῆ
636 2723 677 2808 τῆ
701 2717 765 2807 πρὸ
789 2714 904 2785 αὐτοῦ.

71 2935 105 2984 ‘25
611 2917 655 2984 ν’.

195 3040 262 3121 Τῆς
285 3041 443 3124 δοθείσης
466 3039 579 3108 κιόνου
602 3045 706 3128 τομῆς
729 3037 966 3125 ἐφαπτομένην
992 3037 1131 3126 ἀγαγεῖν,

124 3138 195 3227 ῆτις
218 3139 302 3227 πρὸς
322 3147 368 3234 τῷ
388 3144 483 3224 όίξονι
502 3152 630 3231 γωνίαν
650 3147 780 3233 ποιῆσει
800 3145 852 3214 ἐπὶ
870 3142 977 3214 ταύτὰ
997 3149 1037 3236 τῆ
1055 3152 1130 3232 τομῇ

125 3257 202 3333 ἴσην
225 3251 263 3334 τῆ
289 3251 428 3338 δοθείσῃ
453 3247 543 3342 ὀξείᾳ
565 3260 681 3343 γωνία.

140 3433 145 3444 ⁸
196 3486 221 3535 ὅ.
240 3475 288 3550 δή]
309 3476 341 3533 δέ
361 3478 470 3548 Halley.
