2438 3892
129 159 174 224 90
524 161 692 215 ΚΩΝΙΚΩΝ
710 155 752 215 α’.

192 305 398 391 τεταγμένως
423 300 489 392 γὰρ
517 301 673 391 κατῆχθω
696 300 717 390 ἡ
741 311 825 390 ΕΛ,
853 304 908 371 καὶ
931 306 971 393 τῇ
995 311 1028 371 Α
1035 312 1066 372 E
1089 313 1143 392 ίση

125 415 251 479 κείσθω
274 407 295 498 ἤ
316 418 393 496 ΒΖ,
416 410 470 478 καὶ
494 411 698 496 τεταγμένως
720 409 815 497 ἤχθω
839 407 860 497 ἤ
881 417 956 480 ΖΗ.
992 412 1049 479 καὶ
1073 412 1143 480 ἐπεὶ

127 525 182 605 ἴση
211 517 301 587 ἐστὶν
328 514 350 605 ἤ
375 525 441 585 ΕΑ
468 521 508 606 τῇ
533 524 609 602 ΒΖ,
637 515 735 604 κοινῆ
765 517 802 585 δὲ
824 515 845 605 ἤ
869 526 949 603 ΑΒ,
978 526 1054 586 ίσον
1078 517 1144 608 ἄρα

124 621 163 693 τὸ
190 621 257 693 ὑπὸ
282 632 384 693 ΒΕΑ
409 628 455 715 τῷ
482 621 548 692 ὑπὸ
574 625 681 692 ΑΖΒ.
726 624 783 691 καὶ
811 627 885 693 ἐπεί
905 627 1011 710 ἐστιν,
1040 622 1085 705 ὡς
1108 625 1144 692 τὸ

91 728 191 802 ὀὺιιό
228 738 328 799 ΒΕΑ
360 729 444 820 πρὸς
475 728 513 799 τὸ
547 727 611 798 ἀπὸ
641 739 723 817 ΔΕ,
757 729 777 818 ἤ
810 738 934 818 πλαγία
965 730 1051 821 πρὸς
1081 730 1145 818 τὴν

71 896 74 902 ,
127 836 263 928 ὀρθίαν,
287 835 371 905 ἀλλὰ
394 838 459 920 καί,
473 834 519 917 ὡς
540 836 577 906 τὸ
600 835 666 906 ὑπὸ
686 847 783 906 ΑΖΒ
807 837 890 926 πρὸς
912 837 950 908 τὸ
974 837 1040 907 ἀπὸ
1060 845 1144 924 ΖΗ,

126 941 147 1031 ἤ
171 951 294 1031 πλαγία
316 941 400 1032 πρὸς
421 941 483 1030 τὴν
508 942 644 1032 ὀρθίαν,
667 946 723 1012 καί
747 942 792 1024 ὡς
814 943 936 1033 ἄρατὸ
955 943 1021 1014 ὑπὸ
1042 953 1144 1013 ΒΕΑ

125 1050 208 1138 πρὸς
239 1049 277 1119 τὸ
304 1048 369 1118 ἀπὸ
394 1058 478 1137 ΛΕ,
507 1049 613 1131 οὕτως
642 1049 679 1118 τὸ
703 1049 770 1119 ὑπὸ
792 1061 891 1120 ΑΖΒ
914 1049 996 1140 πρὸς
1018 1049 1056 1118 τὸ
1079 1047 1144 1118 ἀπὸ

128 1162 203 1224 ΖΗ.
246 1165 322 1226 ίσον
346 1157 383 1226 δέ
405 1157 443 1226 τὸ
466 1154 533 1225 ὑπὸ
554 1166 655 1226 ΒΕΑ
678 1163 723 1250 τῷ
747 1156 812 1226 ὑπὸ
833 1167 944 1227 ΑΖΒ·
982 1159 1144 1248 ίσονόίρα

74 1292 108 1342 10
127 1263 182 1331 καὶ
209 1260 246 1332 τὸ
274 1261 339 1332 ἀπὸ
364 1273 432 1332 EA
459 1268 505 1358 τῷ
533 1261 598 1332 ιἰτιὸ
623 1272 698 1333 ΖΗ.
744 1266 813 1333 ἐπεὶ
843 1257 905 1334 οὖν
928 1275 983 1351 ίση
1008 1265 1100 1333 ἐστὶν
1124 1263 1145 1352 ἤ

126 1369 188 1457 μὲν
211 1377 279 1439 ΕΓ
296 1376 336 1461 τῇ
361 1379 393 1440 Γ
394 1369 479 1459 Ζ,ἤ
508 1371 546 1440 δέ
569 1379 639 1440 AE
659 1375 699 1461 τῇ
723 1378 805 1458 ΖΗ,
828 1373 884 1440 καί
908 1370 1026 1440 εὐθεῖά
1051 1374 1143 1440 ἐστιν

125 1475 244 1565 ἤΕΖ,
267 1480 322 1547 καὶ
344 1482 555 1568 παράλληλος
576 1476 597 1566 ἤ
618 1487 686 1547 ΕΑ
704 1483 743 1567 τῇ
763 1485 845 1564 ΖΗ,
869 1479 923 1546 καὶ
942 1475 962 1565 ἤ
984 1486 1061 1546 AH
1076 1480 1143 1565 ἄρα

126 1583 244 1654 εὐθεῖαί
263 1588 340 1655 ἐστι.
377 1587 432 1655 καὶ
450 1583 470 1672 ἤ
488 1592 554 1653 ΓΔ
568 1584 634 1676 ἄρα
647 1599 738 1674 τεμεῖ
751 1587 806 1653 καὶ
819 1584 882 1673 τὴν
896 1587 1012 1673 ἑτέραν
1026 1583 1143 1673 τομῆν.

612 1780 655 1849 λ’.

74 1932 106 1982 15
189 1899 268 1971 Ἐὰν
293 1906 329 1973 έν
353 1907 495 1986 ἐλλείψει
518 1899 539 1991 ἤ
562 1903 805 1993 ἀντικειμέναις
828 1902 945 1974 εὐθεῖα
968 1904 1058 1994 ιἰχθῆ
1084 1902 1139 1993 ἐφ’

127 2008 264 2097 ἑκάτερα
285 2015 347 2079 τοῦ
370 2013 511 2101 κέντρον
534 2020 767 2100 σνμπίιττοοσα
789 2017 828 2102 τῆ
847 2016 942 2102 τομῆ,
966 2016 1043 2101 δίχα
1061 2039 1143 2102 τμη-

125 2115 267 2202 θήσεται
290 2116 372 2187 κατόι
395 2118 432 2187 τὸ
456 2120 605 2208 κέντρον.

192 2230 274 2293 ἔστω
299 2230 442 2308 ἔλλειψις
465 2221 485 2311 ἤ
509 2226 744 2314 ιἰντικείμεναι,
768 2226 944 2315 διάμετρος
968 2225 1005 2294 δὲ
1028 2224 1142 2294 αὐτῶν

125 2328 144 2420 ἡ
172 2339 252 2420 ΑΒ,
284 2333 423 2422 κέντρον
455 2333 493 2402 δὲ
519 2331 556 2402 τὸ
580 2340 624 2420 Γ,
656 2334 711 2401 καί
739 2331 796 2401 διὰ
823 2338 883 2402 τοῦ
911 2340 943 2401 Γ
966 2331 1061 2419 ἤχθω
1090 2360 1141 2412 τις

70 2466 106 2516 20
125 2437 242 2509 εὐθεῖα
269 2438 290 2527 ἤ
314 2448 423 2510 ΔΓΕ.
469 2444 570 2528 λέγω,
599 2439 650 2509 ὅτι
679 2449 734 2526 ίση
759 2440 848 2508 ἐστὶν
872 2437 892 2526 ἡ
916 2445 982 2507 ΓΑ
1005 2443 1044 2527 τῆ
1069 2445 1140 2508 ΓΕ.

458 2783 552 2833 ιι
683 2720 757 2870 ι

719 2842 1021 3024 ω,

189 3163 352 3254 ἤχθωσαν
379 3163 443 3253 γὰρ
471 3170 676 3255 τεταγμένως
707 3170 744 3235 αί
765 3175 846 3252 ΛΖ,
866 3174 942 3235 ΕΗ.
988 3168 1044 3235 καὶ
1068 3170 1140 3236 ἐκεί

124 3274 214 3341 ἐστιν
242 3268 286 3352 ὡς
312 3269 350 3338 τὸ
377 3268 442 3338 ὑπὸ
467 3279 566 3340 ΒΖΑ
593 3272 676 3362 πρὸς
702 3274 739 3342 τὸ
770 3271 834 3341 ἀπὸ
860 3280 941 3358 ΖΑ,
968 3269 989 3358 ἤ
1013 3281 1136 3361 πλαγία

196 3458 221 3508 6.
241 3445 312 3504 ἄλλά
331 3479 366 3489 -
387 3454 411 3504 7.
430 3443 549 3520 ὀρθίαν]
570 3465 623 3504 om.
638 3450 677 3517 V;
701 3467 770 3507 corr.
790 3452 912 3518 Memus3
933 3452 981 3506 cfr.
1001 3469 1028 3520 p.
1049 3459 1091 3518 92,
1111 3459 1134 3507 1.

161 3528 202 3578 10.
221 3516 292 3594 ἆιιό]
311 3522 375 3592 (pr.)
393 3516 451 3575 ὑπό
469 3519 508 3588 V;
528 3535 598 3576 corr.
616 3539 644 3591 p.
723 3527 765 3576 14.
784 3519 824 3595 λ’]
844 3541 871 3593 p,
892 3539 945 3577 om.
963 3523 998 3590 V,
1017 3541 1053 3577 m.
1075 3530 1090 3578 2
1109 3543 1135 3579 v.
