2438 3892
112 176 151 230 VI
520 175 734 231 PannrATIO.

183 323 363 386 ceterorum
392 322 540 386 codicum
563 322 690 386 nullum
714 343 847 406 prorsus
870 344 966 387 usum
990 344 1076 405 esse,
1104 325 1143 389 in

114 418 355 512 prolegomenis
370 427 610 509 demonstrabo,
629 427 693 492 nisi
708 427 795 511 quod
815 448 831 490 e
846 428 917 493 cod.
928 426 1030 492 Paris.
1045 429 1140 495 2356

115 532 209 599 chart
195 538 257 599 t.ac
294 555 377 599 saec.
418 533 499 600 XVI
534 556 634 598 unam
671 536 705 598 ct
740 535 876 599 alteram
916 535 1142 601 coniecturam

115 639 253 722 probam
276 641 391 734 recepi.

185 746 294 830 itaque
322 746 466 810 recensio
496 743 691 812 (lonicorum
719 721 791 812 tota
818 747 925 813 codice
952 747 983 813 V
1011 748 1090 815 nitit
1075 753 1142 830 t,ur

117 851 208 916 cuius
237 851 414 936 scripturas
443 873 555 917 omnes
584 853 619 917 in
646 853 806 937 adparatu
833 854 984 920 indicaui
1031 856 1141 923 sicubi

118 958 187 1021 eius
207 957 367 1041 scriptura
385 957 518 1022 retineri
534 978 601 1023 non
615 981 658 1043 po
660 961 753 1039 terat,
774 963 939 1024 auctorem
954 961 1141 1046 scripturae

116 1068 265 1146 receptae
289 1065 457 1129 nominaui
478 1060 634 1150 (‚,oorr.“).
671 1087 741 1149 qua·
754 1066 789 1130 in
807 1087 842 1131 re
861 1069 991 1148 praeter
1010 1068 1140 1134 codices

119 1169 200 1233 mihi
222 1174 355 1253 praesto
377 1170 479 1235 fuere:

162 1274 288 1340 Memus
323 1312 360 1323 -
393 1275 560 1360 Apollonii
591 1274 708 1362 Pergei
739 1277 927 1362 philosophi
960 1279 1141 1345 mathema-

228 1383 346 1468 ticiqve
379 1383 640 1449 excellentissimi
673 1382 779 1467 Opera
810 1406 869 1470 per
899 1384 1139 1452 Doctissimum

229 1489 463 1573 Philosophum
485 1489 642 1555 Ioannem
661 1486 847 1574 Baptistam
866 1490 1010 1555 Memum
1029 1491 1139 1557 Patri-

228 1596 311 1659 tium
344 1595 506 1661 Venatum
538 1594 906 1680 Mathematicarumque
938 1595 1070 1662 Artium
1104 1600 1139 1664 in
1176 1661 1178 1665 ,

229 1699 318 1765 Vrbe
333 1699 469 1765 ¹Veneta
491 1698 661 1765 hectorem
684 1700 856 1766 Publicum
879 1701 927 1765 De
953 1701 1076 1767 Graeco
1104 1705 1139 1769 in

229 1805 383 1870 Latinum
406 1805 570 1871 Traducta
597 1810 629 1871 et
654 1807 783 1872 nouiter
805 1807 974 1892 impressa.
1020 1807 1138 1878 Venet.

231 1910 458 1976 MDXXXVII
481 1911 537 1976 fol.

165 2016 290 2083 Oomm.
317 2019 370 2082 uel
398 2015 589 2083 Commend.
620 2055 658 2065 —
684 2017 854 2102 Apollonii
881 2018 1018 2104 Pangaei
1050 2022 1140 2086 eoni-

232 2145 343 2188 corum
357 2125 434 2188 libri
449 2128 657 2211 quattuor...
683 2123 980 2191 ROommandinus
995 2125 1139 2193 Vrbinas
1164 2159 1166 2162 ·

233 2229 357 2293 mendis
387 2231 632 2314 quamplurimis
664 2235 843 2317 expurgata
872 2232 1035 2298 eGraeco
1064 2255 1140 2300 con·

230 2335 331 2400 uertit
369 2338 402 2400 et
440 2337 681 2402 commentariis
719 2338 809 2403 illust
794 2338 905 2403 trauit.
968 2339 1140 2406 Bononiae

231 2441 405 2508 MDLXVI
428 2441 482 2507 fol.

164 2549 285 2633 Halley
313 2584 354 2596 -
384 2549 553 2633 Apollonii
576 2549 714 2636 Pergaei
738 2549 933 2618 (lonicorum
961 2553 1038 2617 libri
1062 2558 1139 2620 octo

233 2658 265 2721 el
285 2651 397 2720 Sereni
416 2642 618 2721 Antissensis
636 2657 674 2721 de
694 2658 835 2723 sectione
855 2658 993 2742 cylindri
1012 2664 1045 2724 et
1063 2663 1141 2726 coni

231 2759 307 2824 libri
328 2762 400 2845 duo,
420 2762 467 2828 ed.
486 2762 524 2827 Ε.
544 2762 701 2828 Halleius.
744 2762 888 2830 Oxoniae
907 2763 1061 2831 MDOGX
1080 2766 1140 2834 fol.

188 2866 227 2930 de
241 2865 386 2931 fontibus
405 2867 524 2932 horum
537 2869 695 2934 librorum
710 2869 745 2934 in
759 2871 999 2957 prolegomenis
1014 2872 1139 2936 uidebi-

121 2995 202 3037 mus.
243 2971 351 3036 Memo
376 2974 409 3036 et
428 2970 662 3039 Oommandino
686 2977 944 3042 emendationem
968 2983 1037 3042 turn
1058 3000 1139 3062 quo-

123 3101 184 3163 que
203 3077 312 3162 tribui,
335 3078 392 3142 ubi
410 3079 509 3144 tacite
528 3102 639 3145 ueram
659 3081 853 3165 scripturam
873 3083 1140 3169 interpretantur,

121 3185 185 3250 nisi
213 3186 312 3249 etiam
340 3206 449 3249 errore
476 3208 542 3251 non
569 3192 739 3270 perspecto
768 3189 880 3254 eodem
907 3190 1005 3255 modo
1035 3191 1139 3256 inter-

121 3292 241 3376 pretati
265 3294 381 3355 essent.

189 3399 224 3462 in
269 3398 536 3483 interpretatione
557 3421 650 3464 mea
690 3403 928 3485 propositiones
970 3402 1139 3486 Apollonii

122 3504 223 3570 citaui
259 3504 343 3570 libro
381 3508 414 3570 et
448 3507 682 3591 propositionis
715 3531 868 3594 numero,
903 3507 960 3573 ubi
994 3509 1139 3575 eiusdem
